2620 3924
502 148 684 200 ΑΝᾹΒΑΣΙΣ
702 151 731 212 4,
751 151 775 204 6.
1058 149 1117 212 157

154 302 342 386 ἐξετόξευον
369 305 403 383 ἐς
430 301 571 392 αύτούς,
605 309 641 373 οί
664 305 700 374 δὲ
726 319 796 384 τοῖς
831 311 877 374 ἐτι
904 308 1119 392 ἐσβαίνουσιν

154 407 342 491 ἐπέκειντο,
379 403 463 472 ὥστε
489 403 615 496 άπορίηι
642 405 813 474 πάντοθεν
839 404 1053 493 ξυνεχόμενοι
1085 412 1123 476 σί

154 503 353 584 Μακεδόνες
393 506 426 584 ἐς
463 507 573 592 νῆσόν
610 533 685 575 τινα
722 510 791 574 τοῖν
833 509 870 575 ἐν
900 509 947 598 τῷ
981 511 1118 598 ποταμῷ

154 603 408 693 ξυμφεύγουσιν
426 603 467 673 ού
487 606 644 693 μεγάλην.
689 607 746 676 καὶ
766 605 976 695 περιστάντες
995 606 1121 688 αύτούς

122 711 192 775 εοί
223 705 360 776 Σκύθαι
392 733 427 774 τε
457 709 514 774 καί
547 712 584 776 οί
612 705 676 787 ξύν
703 709 905 794 Σπιταμένει
942 712 1056 788 ἱππεῖς
1084 711 1121 777 ἐν

153 806 270 898 κύκλῳ
304 807 433 886 πάντας
466 805 724 887 κατετόξευσαν·
758 806 895 894 ὀλίγους
927 807 966 876 δὲ
991 805 1120 896 ἠνδρα-

153 913 338 976 ποδίσαντο
364 907 492 994 αύτων,
519 908 576 976 καί
602 907 742 988 τούτους
761 909 889 988 πάντας
907 906 1119 978 ἀπέκτειναν.

228 1005 480 1096 Ἀριστόβουλος
507 1007 546 1076 δὲ
573 1010 693 1098 ἐνέδρᾳ
719 1007 757 1076 τό
784 1009 871 1078 πολύ
889 1013 948 1096 της
966 1009 1156 1097 στρατιᾶςβ

154 1110 385 1200 διαφθαρῆναι
417 1111 521 1198 λέγει,
561 1114 633 1176 τείν
671 1111 825 1178 Σκυθῶν
858 1111 895 1182 ἐν
927 1115 1121 1202 παραδείσῳ

114 1231 142 1272 1⁰
156 1211 384 1297 κρυφθέντων
416 1219 454 1280 ολ
478 1213 515 1279 ἐκ
548 1213 610 1278 τού
644 1207 799 1296 άφανούς
826 1212 1025 1296 ἐπεγένοντο
1050 1226 1122 1290 τοῖς

156 1308 355 1381 Μακεδόσιν
382 1312 419 1379 ἐν
442 1309 536 1402 αύτῳ
562 1315 608 1402 τῷ
634 1317 736 1402 ἔργῳ·
777 1315 834 1378 ἵνα
858 1307 917 1379 τόν
942 1310 1005 1398 μέν
1028 1320 1123 1398 Φαρ-

155 1409 283 1497 νούχην
301 1425 517 1500 παραχωρεῖν
529 1416 587 1498 τῆς
598 1408 778 1498 ἡγεμονίας
791 1426 861 1491 τοῖς
875 1413 1124 1499 ξυμπεμφθεῖσι

156 1508 371 1598 Μακεδόσιν,
399 1510 533 1591 άςούκ
560 1513 724 1600 ἐμπείρως
742 1517 860 1598 ἔχοντα
886 1518 996 1600 ἔργων
1021 1519 1123 1598 πολε·

156 1616 281 1701 μικῶν,
315 1606 392 1680 α’λλ’
421 1613 476 1681 ἐπὶ
501 1614 548 1703 τῷ
576 1615 798 1699 καθομιλῆσαι
823 1611 904 1693 τούς
930 1611 1124 1704 βαρβάρους
1196 1603 1200 1613 ’

118 1731 144 1774 ιε
157 1711 287 1801 μᾶλλόν
321 1738 352 1779 τι
390 1711 474 1802 πρὸς
505 1710 727 1800 Ἀλεξάνδρου
758 1708 780 1799 ἢ
814 1715 871 1782 ἐπὶ
901 1719 949 1805 τῷ
983 1716 1020 1782 ε’ν
1051 1727 1124 1794 ταῖς

158 1813 277 1901 μάχαις
295 1813 486 1900 ἐξηγεῖσθαι
512 1814 726 1899 ἐσταλμένον,
752 1811 833 1893 τούς
860 1813 898 1882 δέ
922 1812 1124 1892 Μακεδόνας

158 1941 194 1983 τε
221 1911 307 1982 εἶναι
332 1915 388 1982 καί
420 1916 574 1997 ἑταίρους
605 1914 776 2000 βασιλέως.
825 1911 1055 2002 Ἀνδρόμαχον
1086 1912 1158 1982 δέκ

158 2016 217 2082 καὶ
256 2015 417 2102 Κάρανον
454 2015 511 2083 καὶ
548 2014 754 2101 Μενέδημον
791 2010 832 2082 ού
865 2015 1026 2106 δέξασθαι
1063 2012 1149 2100 τὴν·

159 2113 360 2202 ἡγεμονίαν,
399 2114 437 2183 τό
475 2115 539 2201 μέν
576 2139 606 2181 τι
645 2111 691 2194 οἱς
729 2115 775 2201 μὴ
813 2119 927 2183 δοκεῖν
963 2113 1054 2203 παρά
1085 2112 1126 2182 τά

121 2245 147 2312 εο
163 2216 392 2304 ἐπηγγελμένα
418 2213 485 2283 ύπό
501 2212 723 2303 Ἀλεξάνδρου
742 2211 868 2294 αύτούς
885 2243 917 2284 τι
934 2215 1019 2284 κατά
1037 2219 1127 2302 σφοῖς

160 2325 379 2402 νεωτερίζειν·
422 2316 460 2384 τό
493 2314 531 2384 δέ
563 2316 620 2383 καί
655 2318 693 2383 ἐν
725 2314 819 2406 αύτῷ
848 2321 896 2407 τῷ
929 2320 1030 2408 δεινῷ
1062 2313 1126 2384 ούκ
1228 2349 1234 2360 ·

164 2416 408 2504 ἐθελήσαντας,
440 2421 473 2485 εί
503 2414 546 2502 δή
578 2443 609 2483 τι
634 2421 826 2501 πταίσειαν,
861 2415 906 2503 μὴ
939 2415 1020 2485 όσον
1051 2413 1124 2484 κατ’
1154 2415 1157 2428 ’

161 2514 272 2605 ἄνδρα
298 2516 405 2605 μόνον
430 2515 578 2604 μετέχειν
596 2513 734 2602 αύτούς,
760 2513 847 2585 άλλά
866 2517 922 2584 καὶ
940 2515 985 2597 τίς
1002 2515 1039 2586 τό
1059 2519 1127 2584 πόιν

139 2613 288 2696 ,αὐτούς
319 2623 430 2702 κακῶς
463 2617 740 2704 ἐξηγησαμένους.
767 2689 768 2692 ,
798 2619 835 2685 ἐν
866 2616 974 2708 τούτῳ
1000 2615 1049 2705 ’δη
1081 2621 1127 2706 τῷ

122 2746 148 2788 ιε
161 2714 301 2809 θορύβῳ
327 2745 363 2787 τε
388 2719 445 2786 καὶ
471 2722 515 2806 τῇ
532 2715 651 2806 άταξίηι
678 2719 897 2804 ἐπιθεμένους
915 2716 1031 2796 αύτοῑς
1048 2716 1128 2797 τούς

161 2817 357 2906 βαρβάρους
389 2816 575 2899 κατακόψαι
607 2816 753 2904 πάντας,
794 2815 878 2886 ὥστε
912 2820 1033 2898 ίππέας
1065 2818 1128 2906 μὲν

161 2916 208 3007 μὴ
227 2925 384 2999 πλειόνας
401 2921 470 2987 τῶν
487 2917 735 3007 τεσσαράκοντα
753 2916 983 3006 ἀποσωθῆναι,
1009 2915 1128 3001 πεζούς

162 3018 201 3088 δέ
228 3021 261 3100 ἐς
286 3027 507 3106 τριακοσίους.

245 3125 360 3190 Ταῦτα
399 3118 441 3207 δὴ
482 3117 526 3200 ύς
557 3117 707 3206 ἠγγέλθη
738 3113 966 3212 Ἀλεξάνδρῳ,
1005 3117 1133 3206 ἤλγησέ
1146 3140 1161 3188 3

6 3295 8 3304 ,
126 3246 200 3302 εοτε
231 3223 277 3313 τῳ
312 3219 414 3289 πάθει
446 3222 515 3288 τῶν
547 3225 758 3308 στρατιωτῶν
789 3221 846 3289 καὶ
880 3226 967 3306 ἔγνω
993 3225 1129 3308 σπουδῇ

164 3317 319 3391 ἐλαύνειν
352 3319 397 3402 οἱς
437 3319 491 3388 ἐπὶ
525 3321 743 3407 Σπιταμένην
775 3347 811 3390 τε
843 3323 900 3390 καί
931 3321 1010 3402 τούς
1042 3318 1127 3408 ἀμφ’

162 3420 270 3492 αύτόν
295 3420 496 3511 βαρβάρους.
540 3418 719 3508 ἀναλαβών
746 3413 811 3490 ούν
835 3425 905 3490 τῶν
930 3448 965 3490 τε
989 3424 1130 3507 ἑταίρων
