2572 3920
191 155 233 219 ἹΟ
543 153 792 214 ΑΛΕΞΑΝΔΡΟΤ

191 295 396 385 μισθοφόροι
413 295 502 376 ξένοι
520 299 622 363 πᾶσιν
642 295 883 384 ἐπετάχθησαν.
918 299 990 367 ἐπεὶ
1014 298 1052 367 δὲ
1075 297 1155 367 οὔτε

192 397 305 484 πυκνὴ
335 395 429 488 αὐτῷ
453 395 475 482 ἡ
501 395 633 482 φάλαγξ
657 395 742 464 κατά
765 397 803 464 τὸ
828 396 938 478 δεξιόν
962 397 999 466 τό
1029 401 1152 468 ἑαυτοῦ

195 502 365 586 ἐφαίνετο,
381 497 471 564 πολό
484 523 519 564 τε
532 495 965 586 ταότηόπερφαλαγγησειν
979 503 1015 566 οἱ
1025 501 1155 587 Πέρσαι

146 677 149 686 Α
193 597 349 684 ε’δόκουυ,
369 599 406 666 ἐκ
422 599 484 665 τοῦ
502 597 608 684 μέσου
628 599 781 666 ἐκέλευσε
798 599 863 667 δόο
883 607 956 678 ίλας
974 601 1042 668 τόν
1062 601 1154 668 ἑταί-

192 726 275 786 ρων,
301 697 363 785 τήν
380 724 416 766 τε
429 695 687 786 Ἀνθεμουσίαν,
711 689 751 784 ἧς
770 699 907 789 ἰλάρχης
925 690 967 785 ἦν
986 706 1155 788 Περοίδας
1183 733 1198 775 ⁵

192 799 210 867 ὁ
238 799 455 886 Μενεσθέως,
485 799 543 866 καὶ
567 797 629 886 τὴν
652 807 826 884 Λευγαίαν
850 801 1082 888 καλουμένην,
1114 790 1155 886 ἧς

191 899 306 987 ἡγεῖτο
332 899 574 988 Παντόρδανος
599 897 616 967 ὁ
643 899 859 990 Κλεάνδρου,
898 899 1014 970 eume>
1045 901 1155 980 δεξιόν

159 1002 177 1050 4
194 999 337 1088 άφανάς
362 1008 555 1089 παρελθεῖν.
596 1001 653 1067 καὶ
671 1001 754 1079 τούς
770 1002 906 1082 τοξότας
924 1000 962 1070 δὲ
978 1003 1036 1069 καὶ
1053 1003 1155 1091 μέρος

192 1105 264 1170 τῶν
280 1100 465 1188 Ἀγριάνων
482 1101 539 1168 καὶ
556 1102 625 1168 τόν
641 1097 809 1186 Ἑλλήνων
828 1101 1049 1190 μισθοφόρων
1065 1108 1155 1170 ἔστιν

96 1191 107 1214 ’
175 1199 253 1281 οὓς
277 1201 362 1269 κατά
385 1201 423 1268 τὸ
449 1201 559 1282 δεξιὸν
582 1201 620 1268 τδ
645 1199 752 1269 αὐτοῦ
779 1203 835 1270 ἐπὶ
860 1202 1016 1288 μετοίκου
1043 1227 1155 1291 παρα·
1169 1235 1197 1276 ιι

192 1301 312 1390 γαγεδν
343 1303 501 1384 ἐξέτεινεν
531 1299 619 1389 ὑπὲρ
646 1291 693 1368 τό
707 1305 777 1370 τῶν
801 1304 944 1390 Περσων
968 1304 1068 1392 κέρας
1091 1303 1155 1390 τὴν

194 1405 363 1490 φάλαγγα.
406 1403 477 1470 ἐπεὶ
501 1402 568 1490 γάρ
593 1407 630 1469 οί
649 1400 738 1490 ὑπὲρ
761 1405 822 1470 τοῦ
842 1400 943 1493 όρους
960 1405 1156 1490 τεταγμένοι

194 1503 273 1572 οὔτε
286 1502 468 1590 κατῄεσαν,
487 1503 652 1590 ἐκδρομῆς
669 1527 705 1570 τε
723 1500 773 1572 ἐπ’
790 1501 917 1584 αότούς
934 1507 1004 1571 τῶν
1018 1503 1155 1592 Ἀγριά-

193 1631 265 1674 νων
288 1606 346 1672 καὶ
369 1606 439 1670 τόν
455 1603 601 1683 τοξοτάν
619 1601 747 1688 ὀλίγων
764 1603 848 1672 κατά
866 1603 1046 1692 πρόσταξιν
1060 1603 1154 1674 Ἀλε-

194 1704 341 1793 ξάνδρου
354 1704 535 1792 γενομένης
544 1705 671 1794 ῥαδίως
681 1702 748 1771 άπὸ
758 1709 816 1790 τῆς
824 1703 995 1793 ὑπωρείας
1005 1703 1154 1772 άναστα-
1168 1736 1194 1781 15

194 1807 308 1884 λέντες
333 1808 366 1884 ἐς
389 1805 427 1872 τὸ
451 1801 557 1893 άκρου
580 1803 774 1892 ἀνέφυγον,
806 1811 893 1891 ἔγνω
915 1807 973 1873 καὶ
996 1821 1066 1884 τοῖς
1084 1805 1152 1874 κατ’

194 1905 321 1986 αὐτούς
368 1907 560 1993 εταγμένοις
587 1905 736 1973 δυνατόν
754 1901 794 1972 όν
811 1905 998 1994 χρήσασθαι
1017 1909 1050 1986 ἐς
1068 1905 1154 1973 άνα-

195 2008 366 2097 πλήρωσιν
389 2009 448 2092 τῆς
472 2006 655 2092 φάλαγγος·
683 2008 821 2086 ἐκείνοις
847 2005 885 2075 δὲ
911 2007 1031 2086 ἱππέας
1058 2033 1153 2095 τρια-

194 2117 332 2186 κοσίους
352 2107 500 2186 ἐπιτάξαι
518 2105 700 2194 ἐξήρκεσεν.
748 2163 751 2166 .

146 2218 187 2282 10
266 2205 366 2276 Οὕτω
386 2207 427 2295 δὴ
447 2207 670 2293 τεταγμένους
688 2207 813 2297 χρόνον
835 2209 898 2295 μέν
915 2233 989 2277 τινα
1007 2211 1153 2297 προῆγεν
1167 2241 1193 2282 ει
1268 2205 1274 2212 ’

194 2306 400 2394 άναπαόων,
431 2304 516 2376 ὥστε
538 2307 595 2375 καὶ
621 2307 711 2376 πάνυ
732 2307 822 2388 ἔδοξε
840 2316 980 2394 σχολαία
997 2311 1156 2395 γενέσθαι

195 2407 311 2478 αὐτῶν
328 2406 350 2495 ἡ
369 2401 544 2496 πρόσοδος.
580 2409 661 2488 τούς
679 2406 744 2498 γάρ
761 2397 976 2497 βαρβάρους,
1003 2407 1095 2490 ὅπως
1113 2411 1153 2478 τά

195 2512 311 2598 πρῶτα
336 2509 544 2596 ἐτάχθησαν,
571 2507 682 2576 οὐκέτι
704 2508 870 2596 άντεπῆγε
894 2521 1058 2598 Δαρεῖος,
1083 2508 1153 2578 ἄλλ’

197 2612 253 2678 ἐπὶ
266 2611 327 2678 τοῦ
344 2613 495 2697 ποταμοῦ
510 2623 583 2695 ταῖς
598 2607 727 2697 ὄχθαις,
741 2613 889 2696 πολλαχῆ
902 2609 966 2696 μὲν
979 2609 1153 2698 άποκρήμ-

195 2737 266 2791 νοις
291 2707 425 2798 οὔσαις,
457 2716 524 2778 έστι
546 2709 585 2779 δὲ
609 2708 696 2780 ὅπου
720 2713 777 2779 καὶ
803 2711 933 2800 χάρακα
951 2718 1154 2798 παρατείνας
1166 2741 1192 2783 ει

197 2811 336 2900 αὐταῖς,
367 2816 425 2880 ίνα
451 2809 684 2900 εόεφοδάτερα
711 2814 884 2898 ἐφαίνετο,
917 2809 1025 2890 οὕτως
1050 2817 1152 2898 ἔμενε.

196 2911 379 3002 καὶταύτῃ
407 2911 516 2991 εὐθυς
540 2913 640 2998 δῆλος
659 2913 791 2996 ἐγένετο
807 2927 879 2990 τοῖς
897 2910 975 2998 ἀμφ’
997 2910 1154 2992 Ἀλέξαν-

162 3027 178 3076 2
197 3019 279 3102 δρον
293 3019 335 3101 τῇ
349 3013 466 3100 γνώμη
482 3013 742 3098 δεδουλωμένος.
770 3009 815 3090 ως
829 3011 866 3080 δέ·
880 3010 966 3098 ὁμοῦ
984 3009 1046 3099 ἤδη
1061 3002 1102 3097 ἦν
1115 3011 1154 3080 τά

197 3113 423 3201 στρατόπεδα,
450 3114 601 3180 ἐνταῦθα
624 3111 846 3201 παριππεύων
869 3112 978 3199 πάντη
998 3111 1155 3192 Ἀλέξαν-

197 3220 277 3303 δρος
295 3214 473 3301 παρεκάλει
491 3211 616 3300 ἄνδρας
634 3211 788 3298 άγαθοός
806 3219 1001 3298 γίγνεσθαι,
1026 3212 1067 3280 οὐ
1086 3215 1153 3280 τῶν
1166 3242 1192 3284 3ο

196 3313 371 3402 ἡγεμόνων
383 3313 490 3402 μόνον
503 3313 543 3382 τά
557 3311 706 3400 ὀνόματα
719 3313 782 3392 ξόν
795 3315 843 3402 τῷ
862 3315 1024 3400 πρέποντι
1040 3312 1154 3404 κόσμφ

198 3416 397 3504 άνακαλῶν,
430 3414 518 3484 άλλά
546 3415 603 3483 καὶ
635 3413 774 3500 ίλάρχας
799 3415 856 3482 καὶ
882 3413 1050 3500 λοχαγοδς
1075 3411 1154 3482 ὀνο-
