2632 3922
237 131 304 196 210
597 123 849 186 ΔεεΞωιΔεοε

200 298 222 361 Ἰ
328 287 374 358 Τὸ
401 285 440 356 δὲ
465 289 591 375 ζεῦγμα
608 284 647 354 τό
667 286 723 356 ἐπὶ
740 287 802 354 τοῦ
816 281 924 354 Ἰνδού
942 281 1092 368 ποταμοῦ
1115 273 1222 358 ὅπως

241 387 307 478 μὲν
342 389 484 476 ἐποιήθη
508 383 720 478 Ἀλεξάνδρῳ
746 383 826 456 οὔτε
847 382 1099 472 Ἀριστόβουλος
1131 379 1221 448 οὔτε
1289 449 1290 452 ,

241 497 473 578 Πτολεμαῖος,
506 484 558 570 οἷς
589 487 733 576 μάλιστα
766 485 832 573 ἐγὼ
863 488 997 572 ἕπομαι,
1030 482 1218 568 λέγουσιν·
1289 537 1290 574 ,

240 590 327 660 οὐδὲ
353 590 459 670 αύτός
485 595 551 676 ἔχω
577 588 727 679 ἀτρεκῶς
753 585 901 672 εἰκάσαι,
927 585 1049 672 πότερα
1075 588 1219 660 πλοίοις

241 691 383 778 ἐζεύχθη
410 689 428 759 ὁ
456 692 575 779 πόρος,
600 689 756 778 καθάπερ
781 679 845 758 ούν
871 685 889 754 ὁ
912 681 1161 770 Ἑλλήσποντός
1179 709 1243 750 τεε

242 793 329 882 πρός
348 793 476 880 Ξέρξου
503 793 561 860 καὶ
588 790 607 860 ὁ
626 789 802 878 Βόσπορός
819 788 928 858 τεκαὶ
945 782 1103 874 ὁἼστρος
1123 783 1218 872 πρὸς

242 901 415 982 Δαρείου,
449 889 471 978 ῆ
504 893 639 980 γέφυρα
672 890 757 961 κατὰ
788 891 849 959 τοῦ
877 888 1025 974 ποταμοῦ
1052 883 1218 972 διηνεκὴς

243 995 385 1080 ἐποιήθη
419 992 529 1083 αύτῷ·
581 999 677 1062 δοκεῖ
708 992 746 1061 δὲ
779 997 888 1079 ἔμοιγε
920 994 1047 1066 πλοίοις
1078 991 1217 1074 μᾶλλον

240 1099 438 1180 ζευχθῆναι·
482 1092 524 1162 ού
552 1093 619 1181 γὰρ
636 1090 680 1162 ἂν
697 1093 857 1172 δέξασθαι
874 1091 1026 1178 γέφυραν
1043 1088 1081 1154 τό
1099 1085 1216 1172 βάθος

241 1198 304 1262 τοῦ
327 1192 467 1280 ύδατος,
487 1189 566 1260 οὐδ’
589 1187 633 1260 άν
658 1195 696 1262 έν
711 1195 839 1282 τοσῷδε
853 1190 965 1279 χρόνοι
982 1195 1081 1277 ἔργον
1100 1183 1215 1265 οὕτως
1230 1214 1255 1252 ιο
1289 1205 1290 1256 3

206 1291 374 1364 et'z'tonov
400 1295 674 1379 ξυντελεσθῆναι.
726 1291 820 1364 εί,δέ
846 1291 888 1378 δή
915 1296 1042 1367 πλοίοις
1069 1285 1216 1374 ἐζεύχθη

243 1396 263 1463 ὁ
292 1395 411 1484 πόρος,
438 1393 564 1481 πότερα
591 1397 806 1474 ξυνδεθεῑσαι
832 1395 871 1460 αί
893 1392 970 1478 νῆες
988 1395 1133 1475 σχοίνοις
1153 1389 1215 1484 καί

242 1495 328 1564 κατὰ
355 1508 490 1580 στοῖχον
516 1493 729 1582 ὁρμισθεῖσαι
754 1497 788 1573 ές
806 1493 843 1560 τὸ
861 1495 986 1579 ζεῦγμα
1003 1487 1213 1578 ἀπήρκεσαν,

243 1593 291 1673 εἱς
318 1596 406 1679 λέγει
420 1593 599 1682 Ἡρόδοτος
617 1595 636 1664 ὁ
652 1589 934 1680 Ἁλικαρνασσεύς
951 1593 1130 1678 ζευχθῆναι
1146 1589 1212 1656 τὸν

239 1694 500 1783 Ἑλλήσποντον,
516 1691 538 1781 ῆ
554 1693 621 1788 ὁτφ
639 1695 754 1786 τρόπῳ
771 1694 941 1782 Ῥωμαίοις
962 1693 1016 1760 ἐπὶ
1033 1695 1079 1782 τ
1086 1689 1211 1782 Ἴστρςο
1228 1717 1253 1758 15

244 1821 384 1883 ποταμι
410 1799 541 1884 ζεῦγμα.
555 1813 698 1866 ποιεῖται
714 1795 773 1864 καὶ
801 1797 856 1864 ε’πὶ
874 1799 921 1886 τῷ
936 1792 1036 1885 Ῥήυφ
1053 1793 1099 1882 τῷ
1120 1799 1211 1860 Κελ-

243 1902 341 1988 τικῷ,
369 1899 427 1966 καὶ
453 1897 515 1965 τὸν
533 1897 722 1994 Εὐφράτην
739 1897 796 1964 καὶ
823 1895 886 1966 τόν
909 1901 1068 1984 Τίγρητα,
1094 1889 1210 1971 ὁσάκις

245 2001 435 2085 κατέλαβεν
449 1997 575 2076 αύτούς
594 1993 737 2085 άνάγκη,
762 1997 997 2084 ἐγεφύρωσαν,
1013 1991 1210 2062 οὐδὲτοῦτο

209 2105 310 2184 εέχω
336 2099 529 2184 ξυμβαλεῖν.
573 2103 682 2166 καίτοι
706 2097 873 2184 ταχυτάτη
899 2121 938 2182 γε
964 2084 1012 2162 ὧν
1040 2092 1104 2178 ἐγὼ
1131 2090 1209 2160 οἶδα

240 2195 411 2283 Ῥωμαίοις
436 2196 458 2282 ή
485 2197 677 2284 γεφύρωσις
708 2197 730 2284 ή
757 2198 812 2276 διά
837 2198 908 2265 τῶν
933 2195 1021 2264 νεῶν
1046 2201 1245 2280 γίγνεται,εο

244 2299 302 2365 καὶ
335 2296 461 2384 ταύτην
496 2296 562 2381 ε’γώ
589 2293 804 2384 άφηγήσομαι
830 2299 867 2366 έν
892 2298 940 2388 τῷ
967 2294 1125 2384 παρόντι,
1157 2292 1209 2363 ότι
1289 2293 1290 2310 ’

241 2397 347 2482 λόγου
375 2395 461 2476 ἀξία.
507 2401 546 2464 αί
569 2401 647 2483 νῆες
674 2397 792 2477 αὐτοῖς
818 2397 902 2466 κατά
921 2399 1029 2486 ρούυ
1054 2395 1208 2482 ἀφίενται
1289 2465 1290 2474 ,

243 2493 311 2565 άπὸ
339 2497 564 2584 ξυνθήματος,
591 2495 652 2567 οὐκ
679 2497 732 2567 ἐπ’
761 2496 865 2585 εύθύ,
890 2497 975 2566 άλλοὶ
1001 2495 1153 2585 καθάπερ
1170 2502 1211 2564 αι’

243 2598 405 2686 πρύμναν
431 2597 644 2685 κρουόμεναι.
696 2599 822 2678 ταύτας
849 2597 1014 2686 ύποφέρει
1039 2598 1119 2686 μέν,
1151 2592 1206 2665 οἷα
1289 2583 1290 2656 Ῑ

242 2699 346 2784 εἰκός,
373 2696 508 2786 ὁρούς,
535 2696 647 2784 άνέχει
673 2697 712 2767 δὲ
729 2699 881 2785 κελήτιον
909 2702 1041 2787 ἐπῆρες,
1069 2695 1134 2766 ἔστ’
1162 2693 1240 2766 άυιτ

168 2875 172 2884 ,
242 2799 435 2888 καταστήσῃ
464 2803 497 2878 ές
524 2799 562 2866 τὸ
581 2801 785 2885 τεταγμένον
803 2807 944 2888 χωρίου·
984 2801 1042 2867 καὶ
1061 2801 1205 2868 ἐνταῦθα

242 2899 306 2987 ήδη
325 2907 479 2969 καθίεται
489 2901 663 2986 πλέγματα
683 2903 720 2967 ἐκ
738 2900 847 2984 λύγου
866 2901 1075 2989 πυραμοειδῆ
1101 2899 1204 2986 πλήρη

243 3009 354 3069 λίθων
389 3001 544 3086 λογάδων
571 2996 640 3066 άπὸ
674 2999 986 3096 πρῴραςέκάστης
1011 3000 1115 3086 νεός,
1145 3003 1202 3068 τοῦ
1289 3045 1290 3140 ρ

207 3099 376 3186 4άνέχειν
402 3101 465 3185 τήν
497 3100 587 3166 ναόν
614 3097 699 3186 πρὸς
725 3099 786 3168 τὸν
805 3102 899 3188 ῥοῦν.
945 3099 999 3169 ὅτε
1027 3099 1065 3168 δὲ
1090 3101 1130 3187 δή
1146 3107 1202 3187 μία

241 3227 291 3278 τις
308 3204 377 3267 τῶν
396 3204 485 3266 νεαῐν
506 3197 575 3286 άμα
593 3197 636 3283 δή
655 3200 789 3288 ἐσχέθη,
812 3203 869 3270 καὶ
888 3197 984 3290 άλλη,
1003 3199 1071 3269 άπὸ
1087 3201 1201 3288 ταύτης
1213 3228 1237 3268 εο

241 3301 400 3384 διέχουσα
427 3297 513 3368 ὅσον
542 3298 729 3389 ξύμμετρον
757 3304 841 3387 πρὸς
866 3304 1053 3387 ἰσχόντων
1072 3304 1199 3390 ε’πιβαλ

240 3401 407 3488 λομένων,
426 3395 645 3488 ἀντίπρωρος
662 3401 746 3488 πρὸς
764 3399 802 3467 τό
820 3403 928 3488 ῥεῦμα
947 3401 1125 3490 ὁρμίζεται·
1149 3405 1199 3471 καὶ
1289 3455 1290 3462 1
