2632 3922
459 137 687 204 ANABAzQ
704 141 745 193 τε.
1022 137 1083 201 189

120 292 271 380 διανέμει
302 293 363 380 τήν
394 293 563 382 στρατιάν.
616 293 746 384 καὶτῷ
772 293 835 382 μὲν
869 296 920 362 ε’νλ
949 294 1084 375 ἐπέταξε
1103 321 1135 369 10

120 393 317 465 Λεοννάτον
334 394 395 462 τὸν
413 392 705 482 σωματοφύλακα,
731 393 894 476 ξυντάξας
913 393 1006 486 αύτῷ
1023 396 1085 481 τήν

120 521 157 564 τε
172 491 333 563 Ἀττάλου
351 495 407 562 καὶ
426 493 487 582 τήν
505 493 685 582 Βαλάκρου
703 495 812 575 τάξιν·
838 492 900 581 τήν
921 496 1085 584 δευτέραν

122 595 160 664 δὲ
183 608 308 682 μοῖραν
326 601 529 686 Πτολεμαίῳ
552 599 600 686 τῷ
618 594 735 680 Λάγον
754 593 850 681 άγειν
875 599 989 682 ἔδωκε,
1014 601 1085 664 τάν

92 721 157 764 ετε
175 692 400 763 ὑπασπιστῶν
417 699 487 763 τῶν
510 699 694 782 βασιλικῶν
710 695 748 762 τό
767 703 883 784 τρίτον
907 697 1007 783 μέρος
1028 696 1085 764 καὶ

122 797 184 881 τὴν
200 801 373 864 Φιλίππου
391 796 448 864 καὶ
463 795 599 866 Φιλούτοι
616 796 709 877 τάξιν
730 797 788 864 καί
813 796 876 864 δύο
902 803 1085 884 χιλιαρχίας

121 901 192 964 τεόν
221 897 368 976 τοξοτῶν
392 898 449 964 καὶ
475 893 758 985 τοδςἎγριάνας
781 897 837 964 καὶ
861 899 931 964 τῶν
956 897 1086 964 ἱππίων

122 996 202 1076 τούς
226 993 382 1082 ήμίσεας·
406 993 470 1084 τήν
487 997 526 1065 δὲ
543 1004 660 1086 τρίτην
678 1011 801 1084 μοῖραν
814 995 917 1076 αύτδς
930 987 1012 1084 ήγεν
1029 1001 1086 1066 ἵνα

124 1101 161 1164 ολ
183 1104 333 1164 πλεῖστοι
356 1102 429 1165 τῶν
447 1097 629 1186 βαρβάρων
653 1100 843 1184 ἐφαίνοντο.

85 1225 111 1266 ιο
206 1199 253 1266 OC
259 1195 297 1264 δὲ
313 1194 358 1275 οἱς
372 1196 397 1285 ή
400 1209 524 1267 σθοντο
538 1197 770 1286 προσάγοντας
777 1199 859 1276 τούς
869 1197 1086 1283 Μακεδόνας,
1096 1198 1138 1262 25

124 1311 282 1383 κατείχον
299 1289 367 1385 γάρ
385 1305 493 1386 χωρία
510 1295 701 1387 ὑπερδέξια,
728 1303 776 1389 τῷ
794 1324 830 1366 τε
848 1297 970 1382 πλήθει
988 1301 1086 1385 σφῶν

104 1438 106 1443 ·
124 1397 359 1486 θαρσήσαντες
377 1399 434 1466 καὶ
452 1403 521 1466 τάν
539 1397 766 1485 Μακεδόνων,
792 1397 841 1466 ὅτι
859 1397 969 1483 ὀλίγοι
987 1399 1081 1485 ἐφαί-

124 1523 238 1586 νοντο,
253 1499 568 1587 καταφρονήσαντες
584 1502 616 1578 ἐς
630 1499 668 1566 τδ
684 1503 804 1568 πεδίον
813 1496 1085 1586 ὑποκατέβησαν·

125 1600 182 1666 καὶ
200 1597 295 1686 μάχη
315 1605 465 1684 γίγνεται
481 1599 633 1688 καρτερά.
679 1598 765 1666 ἀλλὰ
788 1597 931 1676 τούτους
957 1597 1019 1685 μὲν
1043 1596 1084 1666 ού

85 1696 191 1780 ιεξύν
217 1699 312 1789 πόνφ
341 1703 435 1768 ἐνίκα
457 1697 691 1787 Ἀλέξανδρος·
719 1705 755 1768 οί
779 1698 817 1767 δὲ
842 1695 930 1785 άμφὶ
958 1707 1084 1768 Πτολε·
1105 1715 1120 1762 2
1220 1785 1223 1790 Ι

126 1811 228 1887 μαίον
247 1797 311 1866 ούκ
329 1800 366 1866 ἐν
383 1803 430 1890 τῷ
448 1798 564 1890 ὁμαλῷ
578 1800 817 1887 παρετάξαντο,
836 1796 922 1866 άλλά
936 1799 1088 1884 γήλοφον

126 1901 193 1987 γάρ
210 1911 366 1984 κατεῖχον
383 1905 419 1968 οἱ
438 1901 614 1988 βάρβαροι,
641 1897 783 1988 ὀρθίους
807 1899 983 1984 ποιήσας
1006 1899 1088 1977 τούς

128 1997 251 2084 λόχους
286 2007 501 2086 Πτολεμαῖος
523 2003 692 2088 προσῆγεν
716 1992 805 2087 ήπερ
837 1997 1089 2088 ἐπιμαχώτατον
1172 2086 1176 2095 Ι

126 2104 187 2168 τοῦ
207 2099 317 2186 λόφον
338 2103 505 2187 ἐφαίνετο,
525 2099 566 2168 ού
586 2098 693 2187 πάντη
710 2097 896 2184 τδνιλόφον
908 2099 1088 2168 κυκλωσά-

87 2231 115 2270 νο
128 2225 245 2288 μενος,
271 2198 345 2267 ἀλλ’
366 2199 553 2288 ἀπολιπών,
579 2207 612 2270 εί
627 2201 766 2288 φεύγειν
785 2201 933 2268 ἐθέλοιεν
952 2205 988 2268 οί
1001 2198 1088 2287 βάρ-

127 2308 237 2389 βαροι,
254 2299 378 2388 χάραν
402 2301 519 2381 αύτοτς
545 2303 579 2380 ἐς
601 2301 663 2388 τήν
689 2299 814 2387 φυγήν.
858 2301 915 2368 καὶ
938 2307 1122 2385 γίγνεταιε

127 2401 184 2469 καί
201 2400 333 2480 τούτοις
351 2399 439 2488 μάχη
456 2401 602 2490 καρτερά
619 2403 680 2470 τού
695 2407 822 2488 χωρίου
836 2404 877 2488 τή
892 2397 1090 2486 χαλεπότητι

6 2545 8 2590 3
127 2503 183 2570 καὶ
202 2501 252 2569 ὅτι
270 2496 311 2568 ού
330 2502 414 2568 κατὰ
432 2503 513 2580 τούς
532 2500 655 2582 ἄλλους
668 2502 749 2580 τούς
767 2500 876 2587 ταύτη
894 2499 1089 2588 βαρβάρους

128 2607 165 2670 ολ
176 2600 297 2686 Ἰνδοί,
323 2598 410 2669 άλλδι
428 2603 515 2670 πολύ
542 2602 584 2688 δή
608 2599 640 2670 τι
657 2599 876 2689 άλκιμάτατοι
895 2605 964 2676 τῶν
982 2622 1084 2687 προσ·

88 2701 247 2789 πχοίρων
272 2706 370 2769 εἰσί.
416 2702 629 2788 ἐξεώσθησαν
656 2702 695 2770 δὲ
720 2703 778 2769 καὶ
807 2694 900 2770 οὗτοι
929 2699 996 2768 άπδ
1027 2689 1088 2767 τού

129 2800 233 2888 ὄρους
259 2796 328 2868 ύπδ
355 2803 424 2869 τῶν
451 2802 679 2872 Μακεδόνων·
724 2804 781 2870 καὶ
807 2805 843 2868 oc
866 2800 953 2888 άμφὶ
981 2809 1089 2870 Λεον·

127 2899 234 2970 νάτον
250 2901 292 2986 τῇ
312 2905 406 2989 τρίτη
430 2909 533 2990 μοίρᾳ
550 2903 608 2989 τής
632 2905 786 2991 στρατιάς
805 2900 966 2979 άσαύτως
985 2907 1090 2986 ἔπρα-

129 3003 206 3082 ξαν·
236 3005 358 3070 ἐνίκων
384 2999 450 3089 γάρ
477 3005 533 3070 καὶ
561 2994 655 3072 οὗτοι
679 3003 759 3082 τούς
785 3003 869 3069 κατὰ
895 3003 993 3088 σφᾶς.
1033 3002 1124 3068 καλε

130 3103 219 3188 λέγει
251 3109 460 3188 Πτολεμαῖος
492 3100 698 3190 άνθράπους
724 3102 786 3190 μὲν
813 3105 985 3189 ληφθῆναι
1010 3100 1091 3180 τούς

90 3205 257 3283 οοπάντας
283 3200 373 3290 ύπὲρ
399 3211 708 3292 τετρακισμυρίους,
734 3205 825 3290 βοάν
852 3201 891 3270 δὲ
916 3201 1006 3288 ὑπὲρ
1032 3200 1092 3281 τάς

129 3319 218 3390 τρεῖς
244 3303 302 3371 καὶ
329 3313 434 3372 είκοσι
455 3304 641 3392 μυριάδας·
683 3305 740 3372 καὶ
766 3303 897 3371 τούτων
923 3302 982 3382 τάς
1008 3310 1092 3370 καλ-

129 3411 244 3484 λίστας
273 3403 505 3492 ἐπιλεξάμενον
528 3401 772 3493 Ἀλέξανδρον,
799 3401 848 3472 ὅτι
873 3403 1094 3490 διαφέρουσαι
