2620 3924
213 168 274 234 138
570 160 821 226 ιιεωιυιεον

211 311 291 388 τοὺς
307 306 490 384 ἐθελοντάς
504 306 755 393 ὑπομείναντας
769 309 825 372 καί
842 305 921 384 τούς
932 305 1173 392 Ἀνδρομάχου.

212 411 377 495 Νικάνωρ
400 411 438 476 δὲ
453 407 472 476 ό
487 412 731 494 Παρμενίωνος
753 406 771 473 ὁ
788 411 861 474 ’τῶν
875 405 1097 474 ὑπασπιστῶν
1111 407 1175 492 άρ-

178 527 283 596 οχων
304 511 532 596 τετελευτήκει
553 508 620 594 ἤδη
649 510 750 596 νόσῳ.
795 510 882 576 ἰόντι
912 509 949 575 δέ
968 508 1175 594 Ἀλεξάνδρῳ

212 611 275 698 τὴν
298 613 354 678 έπί
368 612 505 697 Βάκτρα
526 612 712 696 ἐξηγγέλθη
729 611 981 696 Σατιβαρζάνης
1002 608 1021 675 ό
1038 609 1175 694 Ἀρείων

213 713 386 796 σατράπης
404 710 605 790 Ἀνάξιππον
632 711 695 796 μὲν
722 713 778 776 καί
805 709 885 788 τοὺς
912 710 1202 788 ίππακοντιστάςε

210 815 292 891 τοὺς
306 811 370 892 ξὺν
385 812 476 898 αὑτῷ
498 811 701 896 άπεκτονάς,
725 811 870 893 ὁπλίζων
885 813 923 879 δέ
938 810 1017 889 τοὺς
1028 810 1177 895 Ἀρείους

212 915 269 980 καλ
285 913 441 996 ξυνάγων
456 915 504 990 είς
522 911 728 998 Ἀρτακόανα
742 915 855 998 πόλιν,
877 914 936 978 ’ίνα
949 914 988 980 τδ
1002 917 1176 997 βασίλειον

211 1009 257 1102 ἦν
281 1020 351 1081 τῶν
375 1012 528 1100 Ἀρείων·
564 1015 700 1080 έκείδευ
729 1015 767 1080 δὲ
789 1014 841 1080 ότι
863 1013 1013 1098 έγνεόκει,
1038 1007 1176 1080 ἐπειδάν

212 1115 496 1201 προκεχωρηκότα
515 1113 735 1200 Ἀλέξανδρον
751 1115 917 1199 πύθηται,
941 1115 1027 1180 ίέναι
1049 1111 1112 1192 ξὺν
1133 1119 1176 1200 τῇ

213 1215 356 1301 δυνάμει
378 1214 469 1301 παρά
483 1219 632 1301 Βῆσσον,
655 1212 701 1293 (ὃς
716 1213 778 1294 ξὺν
794 1216 913 1303 ἐκείνῳ
929 1215 1176 1302 ἐπιθησόμενος
1188 1239 1216 1280 ιο

177 1334 195 1383 ο
213 1315 278 1402 ὅπη
301 1316 345 1383 άν
366 1318 451 1402 τύχη
472 1327 542 1394 τοῖς
565 1316 772 1383 Μακεδόσιν.
804 1320 911 1381 ταῦτα
930 1313 976 1394 ὑς
991 1315 1175 1402 ἐξηγγέλθη

213 1416 316 1504 αὐτῷ,
332 1416 395 1502 τὴν
407 1417 470 1502 μέν
485 1417 542 1483 έπλ
549 1420 686 1501 Βάκτρα
701 1415 783 1483 ὁδὸν
798 1415 861 1482 οὑκ
872 1409 971 1501 ἦγεν·
994 1415 1176 1502 άναλαβοὶν

213 1519 252 1583 δὲ
266 1518 345 1594 τούς
366 1541 403 1582 τε
425 1517 579 1602 ἑταίρους
595 1517 714 1594 ἱππέας
735 1517 792 1583 καί
813 1517 894 1594 τοὺς
916 1516 1177 1597 ἱππακοντιστάς

213 1621 270 1684 καὶ
280 1617 361 1696 τούς
372 1618 510 1697 τοξότας
520 1617 577 1684 καὶ
591 1620 671 1696 τούς
683 1617 858 1703 Ἀγριᾶνας
869 1615 925 1683 καὶ
935 1615 998 1703 την
1010 1615 1176 1704 Ἀμύντου

212 1741 250 1785 τε
271 1720 328 1785 καί
342 1724 473 1786 Κοίνου
493 1719 605 1803 τάξιν,
627 1717 691 1804 τὴν
713 1718 751 1785 δὲ
768 1717 876 1803 άλλην
898 1720 1047 1804 δύναμιν
1067 1719 1175 1786 αὑτοῦ
1189 1742 1215 1782 ιε

214 1819 409 1887 καταλιπόν
431 1823 488 1887 καὶ
510 1817 565 1886 ἐπ’
588 1818 673 1906 αὑτῇ
689 1819 864 1904 Κράτερον
878 1818 1028 1906 ἡγεμόνα
1043 1823 1177 1908 σπουδῇ

188 1957 191 1964 ’
213 1915 296 2006 ἦγεν
324 1921 370 1999 τός
397 1921 453 1988 ἐπὶ
483 1922 739 2006 Σατιβαρζάνην
765 1945 802 1987 τε
828 1922 886 1987 καί
912 1922 993 2000 τοὺς
1006 1921 1175 2014 Ἀρείους,

214 2024 272 2086 καί
299 2020 496 2088 διελθάν’
478 2046 518 2088 εν
539 2024 640 2088 δυσίν
666 2021 805 2109 ἡμέραις
825 2023 983 2100 σταδίους
1006 2023 1041 2100 ἐς
1062 2023 1175 2102 ἑξακο-

215 2125 310 2200 σίους
332 2121 417 2207 πρός
435 2115 686 2207 Ἀρτακόανα
663 2147 735 2208 ηκε.

179 2238 197 2289 τ
300 2223 551 2307 Σατιβαρζάνης
577 2224 640 2308 μὲν
667 2217 748 2308 οὑν,
781 2221 827 2302 ὥς
848 2227 934 2308 ἔγνω
965 2224 1114 2308 έγγὺς”
1095 2245 1216 2291 ονταιο

212 2307 442 2406 Ἀλέξανδρον,
465 2329 506 2408 τῇ
529 2323 661 2408 ὀξύτητι
683 2329 741 2408 τῆς
764 2326 892 2409 ἐφόδου
916 2326 1093 2414 ἐκπλαγεὶς
1114 2323 1177 2404 ξὺν

215 2423 342 2507 ὀλίγοις
364 2425 504 2490 ίππεὺσι
525 2447 594 2489 των
613 2423 751 2511 Ἀρείων
773 2429 894 2510 ἔφυγε·
926 2424 1009 2512 πρὸς
1028 2425 1092 2510 γάρ
1107 2451 1177 2492 των

216 2528 353 2590 πολλων
380 2529 594 2611 στρατιωτῶν
622 2531 828 2612 κατελείφθη
857 2529 896 2594 έν
923 2551 964 2614 τη
992 2533 1103 2612 φυγῇ,
1131 2525 1178 2604 ὥς

215 2624 366 2691 κάκείνοι
388 2630 518 2711 ἔμαθον
533 2628 748 2712 προσάγοντα
763 2628 993 2712 Ἀλέξανδρον.
1029 2628 1176 2707 Ἀλέξαν-

215 2728 296 2812 δρος
310 2726 364 2811 δέ,
383 2728 486 2805 όσους
501 2729 692 2807 ξυναιτίους
706 2733 765 2814 τῆς
779 2727 995 2807 ἀποστάσεως
1008 2730 1177 2812 κατέμαθε
1190 2750 1216 2792 ιε

215 2827 272 2894 καὶ
296 2830 335 2894 έν
356 2833 402 2914 τῷ
423 2827 498 2894 τότε
520 2827 786 2907 ἀπολελοιπότας
805 2828 864 2907 τάς
886 2831 1013 2915 κόμας,
1037 2831 1178 2907 τούτους

216 2931 254 2996 δέ
276 2927 370 3018 άλληΙ
384 2930 441 2995 καί
462 2927 560 3016 άλλη,
584 2928 691 3008 όξείας
712 2928 770 3006 τάς
792 2931 921 3008 διάξεις
943 2931 1178 3016 ποιησάμενος,

128 3059 133 3070 ,
215 3030 296 3107 τούς
311 3031 373 3115 μὲν
387 3029 573 3113 ἀπέκτεινε,
589 3029 668 3106 τοὺς
680 3030 717 3094 δέ
731 3029 977 3114 ἠνδραπόδισε·
1003 3031 1179 3116 σατράπην

204 3131 254 3195 ’δὲ
263 3129 401 3216 Ἀρείων
410 3127 772 3215 ῚάπέδειξενἈρσάμην,
784 3129 894 3214 άνδρα
905 3131 1054 3218 Πέρσην.
1079 3130 1180 3210 αὑτός

181 3232 255 3298 εδὲ
277 3229 343 3298 σὺν
363 3240 435 3309 τοῖς
456 3230 542 3316 ἀμφὶ
565 3230 741 3316 Κράτερον
763 3230 1070 3318 ὑπολελειμμένοις,
1094 3232 1179 3318 ὁμοῦ
1192 3251 1220 3292 ³⁰

216 3324 316 3397 οὑσιν
337 3331 419 3416 ἤδη,
442 3329 489 3409 οδς
509 3331 565 3397 έπὶ
579 3328 642 3414 τὴν
657 3336 881 3416 Ζαραγγαίων
896 3334 1009 3418 χάραν
1023 3327 1100 3419 ἦγε·
1123 3334 1180 3400 καὶ

215 3430 407 3516 άφικνείται
433 3433 491 3499 ίνα
524 3429 566 3498 τά
592 3435 748 3517 βασίλεια
776 3439 845 3500 τόν
874 3437 1097 3518 Ζαραγγαίων
1124 3427 1179 3520 ἦν.
