2620 3924
486 140 671 194 ΑαΑΒΑΣιΣ
687 143 718 204 4,
737 145 762 192 4.
1046 141 1107 206 153

134 293 320 386 βαρβάρων
349 294 527 384 ἐθελοντὴς
553 297 689 386 μετέσχε
716 303 775 385 τῆς
803 297 1023 384 ξυνοικήσεως
1049 302 1110 366 καί

87 469 90 475 ,
134 425 228 478 τινας
261 397 319 466 καὶ
350 402 419 466 τῶν
452 399 489 465 ἐκ
519 401 580 466 τοῦ
620 400 847 486 στρατοπέδου
881 399 1106 486 Μακεδόνων,

137 497 209 568 ὅσοι
242 493 410 584 ἀπόμαχοι
441 495 506 585 ἥδη
538 490 627 584 ἦσαν
634 551 644 587 ,
683 499 794 579 θύσας
826 512 897 578 τοῖς
934 509 1030 579 θεοῖς
1063 497 1106 580 ῶς

136 598 240 686 νόμος
272 596 366 690 αύτῷ
398 599 456 666 καὶ
488 596 605 685 ἀγῶνα
632 600 769 668 ίππικόν
801 626 836 669 τε
861 599 919 668 καὶ
944 599 1108 688 γυμνικόν

108 697 297 786 εποιήσας,
346 691 392 778 ῶς
430 695 494 768 ούκ
534 697 855 788 ἀπαλλασσομένους
900 699 987 788 ἐύρα
1027 699 1107 780 τούς

137 799 280 880 Σκύθας
306 793 373 868 άπὸ
400 803 459 886 τῆς
486 797 592 888 ὄχθης
618 807 680 870 τού
706 807 858 889 ποταμοῦ
865 852 874 888 ,
902 798 977 868 ἀλλ’
1013 803 1106 870 ἐκτο-

137 895 292 984 ξεύοντες
325 902 359 980 ές
399 898 458 968 τόν
496 899 647 989 ποταμόν
681 904 852 992 ἑωρῶντο,
894 899 935 969 ού
974 899 1143 970 πλατύνκ

137 998 244 1090 ταύτη
269 999 362 1086 ὄντα,
389 1006 448 1068 καί
470 1027 545 1078 τινα
572 1002 628 1070 καί
654 1001 738 1090 πρός
755 1001 853 1089 ὕβριν
874 1005 934 1070 τοῦ
951 999 1107 1080 Ἀλεξάν-

138 1108 225 1190 δρου
252 1105 463 1192 βαρβαρικῶς
488 1101 733 1190 ἐθρασύνοντο,
760 1095 806 1182 ῶς
831 1099 896 1171 ούκ
922 1099 965 1170 ἂν
982 1101 1108 1190 τολμή-

98 1229 125 1270 ιό
139 1223 245 1272 σαντα
260 1197 483 1289 Ἀλέξανδρον
508 1201 662 1286 ἅψασθαι
688 1201 839 1273 Σκυθῶν
856 1199 877 1288 ἢ
894 1202 1048 1290 μαθόντα
1066 1200 1108 1272 ἂν

138 1302 191 1373 ὅτι
216 1329 279 1392 περ
304 1301 343 1370 τό
371 1301 535 1392 διάφορον
559 1303 715 1384 Σκύθαις
731 1330 767 1372 τε
784 1303 841 1372 καὶ
858 1316 928 1384 τοῖς
943 1300 1108 1384 Ἀσιανοῖς

137 1403 338 1494 βαρβάροις,
383 1401 451 1472 ύπδ
499 1403 629 1474 τούτων
668 1403 942 1493 παροξυνόμενος
982 1403 1109 1474 ἐπενόει

138 1509 324 1592 διαβαίνειν
338 1500 391 1574 ἐπ’
407 1497 533 1584 αύτούς
548 1505 604 1573 καὶ
617 1503 676 1584 τάς
689 1506 854 1594 διφθέρας
863 1505 1108 1593 παρεσκεύαζεν

141 1605 196 1674 έπλ
227 1609 276 1696 τῷ
307 1603 409 1696 πόρῳ.
462 1605 621 1698 θυομένῳ
654 1605 693 1676 δέ
726 1605 781 1674 ἐπί
812 1609 854 1694 τῇ
891 1605 1041 1694 διαβάσει
1066 1605 1142 1674 τάε

100 1732 125 1774 ιτ
142 1704 214 1794 ίερά
248 1704 313 1774 ούκ
346 1708 512 1790 ἐγίγνετο·
546 1706 564 1774 ὁ
597 1705 635 1774 δέ
666 1707 797 1794 βαρέως
829 1705 892 1792 μὲν
918 1711 1039 1794 ἔφερεν
1065 1703 1107 1776 ού

139 1807 363 1894 γιγνομένων·
406 1804 495 1894 ὅμως
522 1805 561 1874 δὲ
594 1807 761 1895 ἐκαρτέρει
792 1807 849 1874 καὶ
883 1812 1008 1894 ἔμενεν.
1062 1803 1108 1886 ῶς

140 1907 179 1978 δέ
206 1905 266 1976 οὐκ
292 1905 432 1977 άνίεσαν
458 1913 495 1976 οί
511 1905 661 1994 Σκύθαι,
688 1899 790 1986 αὖθις
817 1907 872 1976 ἐπὶ
897 1909 939 1994 τῇ
959 1903 1109 1993 διαβάσει

141 2008 276 2078 ἐθύετο·
320 2008 377 2076 καὶ
409 1999 454 2076 αὖ
489 2010 522 2088 ἐς
557 2013 720 2077 κίνδυνον
754 2001 849 2097 αύτῷ
888 2013 1111 2094 σημαίνεσθαι

136 2105 377 2198 Ἀρίστανδρος
404 2106 421 2176 ὁ
449 2106 566 2196 μάντις
594 2113 747 2197 ἔφραζεν·
775 2106 851 2176 όδέ
870 2119 1027 2197 κρεῖσσον
1045 2113 1110 2196 ἔφη

101 2237 128 2277 ιο
143 2212 176 2289 ἐς
215 2213 356 2296 ἔσχατον
402 2208 564 2279 κινδύνου
605 2211 720 2278 ἐλθεῖν
759 2204 780 2296 ἣ
817 2209 1112 2298 κατεστραμμένον

140 2307 318 2398 ξύμπασαν
351 2305 470 2396 ὀλίγον
503 2314 577 2379 δεῖν
608 2308 670 2397 τὴν
700 2305 815 2380 Ἀσίαν
853 2309 982 2401 γέλωτα
1022 2307 1111 2377 εἶναι

141 2410 315 2498 Σκύθαις,
341 2409 497 2498 καθάπερ
515 2409 705 2500 Δαρεῖοςὸ
724 2410 851 2501 Ξέρξου
869 2408 978 2498 πατὴρ
1004 2409 1110 2478 πάλαι

142 2513 284 2597 ἐγένετο.
332 2509 573 2601 Ἀρίστανδρος
611 2510 650 2580 δέ
679 2509 745 2580 ούκ
780 2517 843 2598 ἔφη
874 2507 965 2598 παρά
997 2509 1038 2578 τά
1071 2511 1110 2578 ἐκ

140 2617 204 2682 τοῶ
221 2617 320 2682 θείου
335 2611 563 2700 σημαινόμενα
580 2610 666 2680 άλλα
684 2607 941 2697 ἀποδείξασθαι,
959 2608 1010 2680 ότι
1023 2609 1109 2679 ἄλλα

101 2738 127 2780 ετ
143 2713 252 2782 ἐθέλει
276 2710 419 2782 ἀκούσαι
442 2708 666 2800 Ἀλέξανδρος.

214 2810 250 2882 ‘0
267 2813 317 2900 δέ,
341 2811 386 2894 ῶς
405 2817 493 2882 αἵτε
511 2811 669 2901 διφθέραι
687 2807 780 2904 αύτῷ
799 2812 1110 2902 παρεσκευασμέναι
1125 2827 1143 2876 4
1177 2811 1181 2816 ’

140 2905 230 3000 ἦσαν
257 2913 312 2982 ἐπὶ
343 2919 392 3006 τῷ
423 2913 517 3006 πόρῳ
557 2914 613 2984 καί
639 2911 657 2982 ό
693 2911 834 3000 στρατός
868 2913 1109 3000 ἐξωπλισμένος

144 3015 329 3102 ἐφειστήκει
353 3020 400 3107 τῷ
427 3015 576 3108 ποταμῷ,
603 3018 700 3083 αἵτε
725 3014 871 3102 μηχαναὶ
888 3011 955 3082 όπό
978 3012 1108 3100 ξυνθή-

140 3141 244 3204 ματος
271 3113 475 3201 ἐξηκόντιζον
501 3118 535 3196 ἐς
561 3113 641 3195 τούς
668 3114 811 3194 Σκύθας
837 3113 1110 3200 παριππεύοντας

103 3243 130 3284 εο
145 3217 200 3284 ἐπὶ
225 3221 269 3304 τῇ
296 3214 383 3304 όχθη
409 3215 466 3284 καὶ
492 3222 583 3286 Ιἐστιν
609 3223 645 3284 οἳ
669 3210 783 3284 αύτῶν
809 3214 1046 3304 έτιτρῶσκοντο
1074 3217 1111 3282 ἐκ

140 3321 210 3386 τῶν
235 3320 357 3403 βελῶν,
385 3312 433 3396 εἷς
459 3316 497 3385 δὲ
523 3315 565 3404 δὴ
593 3314 648 3384 διά
676 3319 736 3386 τοῦ
763 3317 887 3404 γέρρον
913 3342 949 3384 τε
974 3316 1030 3384 καὶ
1047 3317 1110 3383 τού

140 3415 297 3507 θῶρακος
324 3415 471 3506 διαμπάξ
498 3417 637 3505 πληγεὶς
669 3421 781 3486 πίπτει
807 3414 874 3486 άπδ
900 3421 962 3484 τού
990 3421 1110 3502 ἵππου,
