2620 3924
490 142 673 196 εαιΒΑΣιΣ
690 145 715 206 ι,
735 145 775 194 12.
905 205 909 211 ,
972 205 977 222 ,
1060 144 1118 207 167

45 379 49 386 ‚
150 299 321 390 Καμβύσῃ
354 297 436 370 ούδδ
468 300 576 389 ,Ξέρξη
613 296 757 380 ξυνόντα
783 295 804 386 ἢ
831 299 1119 389 συμβουλεύοντα,

149 399 238 470 ἀλλά
272 406 443 471 Φιλίππου
481 400 545 488 μὲν
584 405 697 486 παιδί,
739 393 940 490 Ἡρακλείδῃ
974 400 1012 470 δέ
1051 397 1119 470 άτιό
1221 409 1224 416 “

149 501 273 588 γένους
299 502 356 571 καὶ
383 506 542 591 Αίακίδη,
569 499 651 569 ὅτου
680 504 717 568 οί
727 501 899 590 πρόγονοι
926 503 959 583 ἐξ
973 500 1120 591 ’Ἁργους

98 691 102 696 ¹
151 608 200 682 είς
219 607 439 672 Μακεδονίαν
456 595 577 690 ήλθον,
598 599 681 670 ούδὲ
698 607 770 692 βίᾳ,
789 601 873 671 ἀλλὰ
892 603 986 696 νόμῳ
1001 609 1120 674 Μακε-

122 701 265 773 σδόνων
282 702 441 792 ἄρχοντες
459 703 659 772 διετέλεσαν.
693 696 822 771 ούκούν
847 698 929 772 ούδὲ
953 700 1046 796 αύτῷ
1072 710 1155 795 τῷτ

147 797 308 893 Ἡρακλεῖ
331 809 429 887 ζῶντι
455 809 502 874 ἔτι
526 814 619 882 θεῖαι
643 801 735 890 τιμαί
759 800 835 892 παρ’
851 803 1018 892 Ἑλλήνων
1045 806 1120 890 ἐγέ·

150 931 264 992 νοντο,
289 901 361 974 ἀλλ’
388 903 470 974 οὐδὲ
493 903 726 992 τελευτήσαντι
748 903 900 992 πρόσθεν
917 903 939 992 ή
957 905 1041 994 πρὸς
1058 911 1121 974 τού

149 1007 236 1074 θεοῦ
255 1010 315 1074 τού
334 1009 372 1075 ἐν
388 1014 540 1093 Δελφοῖς
558 1007 837 1092 ἐπιθεσπισθῆναι
856 999 902 1086 ύς
919 1003 1004 1076 θεόν
1022 1008 1121 1095 τιμᾶν

147 1104 322 1196 Ἡρακλέα.
377 1113 410 1176 εἰ
435 1107 485 1194 δέ,
512 1104 563 1175 ότι
589 1108 625 1174 ἐν
642 1109 683 1193 τῇ
708 1106 869 1199 βαρβάρῳ
895 1113 940 1197 γῇ
968 1111 1004 1176 oc
1027 1109 1144 1194 λόγοι·

112 1235 138 1274 ιο
151 1213 337 1294 γίγνονται,
364 1205 553 1297 βαρβαρικά
571 1205 633 1294 χρή
659 1212 746 1292 ἔχειν
763 1205 804 1274 τά
827 1207 1038 1296 φρονήματα,
1064 1208 1120 1276 καί

153 1306 219 1392 ἐγώ
231 1313 292 1394 τής
305 1305 463 1388 Ἑλλάδος
480 1311 678 1396 μεμνῆσθαί
693 1326 730 1375 σε
748 1302 841 1394 άξιῶ,
869 1299 894 1375 ὦ
909 1306 1121 1396 Ἀλέξανδρε,

150 1399 191 1496 ής
210 1411 309 1477 ἕνεκα
327 1406 345 1477 ὁ
363 1411 430 1488 πᾶς
449 1407 567 1487 στόλος
593 1429 645 1476 σοι
663 1406 813 1493 ἐγένετο,
839 1418 1041 1496 προσθεῖναι
1058 1409 1121 1496 τήν

148 1507 265 1578 Ἀσίαν
279 1512 320 1597 τῇ
330 1506 473 1580 Ἑλλάδι.
500 1510 557 1577 καί
570 1499 635 1577 ούν
649 1508 877 1596 ἐνθυμήθητι,
895 1512 1000 1578 ἐκεῖσε
1014 1512 1118 1578 ἐπαν-
1139 1524 1156 1575 8

152 1608 267 1679 ελθοδν
293 1601 359 1698 ἆρά
384 1637 423 1696 γε
448 1610 504 1678 καὶ
535 1607 616 1689 τούς
632 1606 797 1694 Ἕλληνας
820 1608 902 1689 τούς
932 1613 1142 1698 ἐλεύθερα.

113 1735 139 1778 ιι
151 1709 273 1791 τάτους
286 1709 574 1798 προσαναγκάσεις
589 1713 622 1789 ἐς
635 1708 699 1795 τήν
711 1709 954 1798 προσκύνησιν,
972 1705 1121 1797 ήἙλλή-

151 1837 224 1880 νων
241 1811 304 1899 μὲν
321 1810 441 1903 άφέξη,
465 1810 642 1881 Μακεδόσι
666 1808 704 1878 δὲ
721 1809 924 1898 προσθήσεις
941 1812 1042 1898 τήνδε
1059 1810 1121 1898 τήν

152 1911 308 2000 άτιμίαν,
342 1908 364 1999 ἢ
390 1911 625 2001 διακεκριμένα
657 1915 749 1978 ἔσται
775 1929 827 1978 σοι
859 1911 951 2004 αὐτῷ
984 1910 1025 1980 τά
1051 1914 1121 1980 τόν

152 2019 260 2101 τιμῶν
286 2020 335 2093 είς
362 2011 564 2099 ἅπαντας,
598 2009 643 2092 ὥς
669 2009 754 2098 πρός
774 2007 943 2099 Ἑλλήνων
969 2012 1032 2101 μὲν
1064 2012 1122 2081 καί

154 2112 369 2184 Μακεδόνων
384 2113 612 2203 ἀνθρωπίνως
625 2139 661 2181 τε
674 2105 936 2200 καίἙλληνικῶς
949 2117 1120 2201 τιμᾶσθαι,

112 2213 241 2304 εοπρὸς
266 2213 304 2284 δὲ
327 2217 396 2283 των
420 2215 604 2304 βαρβάρων
626 2211 741 2301 μόνων
764 2219 985 2303 βαρβαρικάς.
1030 2221 1063 2284 εί
1084 2213 1156 2283 δδθ

152 2314 243 2404 ύτιὲρ
262 2313 381 2403 Κόρου
405 2318 466 2384 τού
486 2313 675 2404 Καμβύσου
701 2313 832 2398 λέγεται
856 2320 990 2404 πρῶτον
1013 2335 1122 2404 προσ-

153 2417 349 2502 κυνηθῆναι
365 2411 563 2505 άνθρεόπων
581 2414 701 2503 Κύρου
719 2415 776 2482 καὶ
795 2416 851 2484 ἐπὶ
870 2419 957 2507 τῷδε
972 2418 1123 2503 ἐμμεῖναι

155 2518 303 2605 Πέρσαις
319 2543 356 2585 τε
372 2519 430 2586 καί
449 2517 581 2604 Μήδοις
599 2516 701 2604 τήνδε
718 2512 781 2599 τήν
798 2515 1035 2603 ταπεινότητα,
1059 2518 1122 2606 χρὴ

156 2621 380 2704 ἐνθυμεῖσθαι
397 2615 461 2687 ,ὅτι
485 2615 548 2686 τόν
574 2619 693 2706 Κῦρον
718 2617 848 2686 ἐκεῖνον
873 2617 1011 2687 Σκύθαι
1038 2618 1123 2686 ἐσω-

113 2742 143 2784 ει
155 2717 323 2808 φρόνισαν
334 2771 344 2806 ,
374 2720 512 2806 πένητες
531 2715 652 2808 ἄνδρες
672 2716 730 2786 καί
751 2715 953 2805 αὐτόνομοι,
971 2719 1028 2786 καὶ
1047 2729 1123 2788 Δα-

155 2833 251 2909 ρεῖον
275 2817 371 2888 ἄλλοι
397 2811 443 2888 αύ
462 2817 611 2905 Σκύθαι,
638 2818 695 2886 καί
722 2818 851 2905 Ξέρξην
864 2815 1039 2905 Ἀθηναῖοι
1065 2819 1123 2886 καί

156 2919 425 3007 Λακεδαιμόνιοι,
443 2921 500 2988 καί
513 2919 734 3008 Ἀρταξέρξην
749 2919 921 3006 Κλέαρχος
941 2920 998 2986 καί
1016 2923 1123 2997 Ξενο-

154 3024 233 3109 φῶν
260 3023 317 3090 καί
344 3025 380 3090 οἱ
401 3019 465 3104 ξύν
490 3019 620 3100 τούτοις
646 3017 770 3108 μύριοι,
796 3021 854 3086 καὶ
873 3031 1023 3108 Δαρεῖον
1040 3021 1123 3087 τού-

154 3147 215 3190 τον
229 3117 449 3211 Ἀλέξανδρος
467 3122 512 3209 μὴ
530 3119 839 3210 προσκυνούμενος.

115 3245 143 3288 ιο
238 3229 353 3292 Ταῦτα
380 3221 422 3310 δή
449 3225 506 3292 καί
529 3223 668 3290 τοιαῦτα
693 3219 847 3300 είπόντος
866 3221 1121 3299 Καλλισθένους
1135 3229 1175 3292 12

90 3405 92 3414 y
155 3318 294 3404 άνιόσμι
319 3323 382 3412 μέν
408 3323 597 3411 μεγαλωστί
612 3321 854 3409 Ἀλέξαγδρον,
882 3321 1058 3392 Μακεδόσι
1085 3320 1124 3389 δὲ

156 3423 242 3515 πρός
260 3426 377 3514 θνμού
397 3429 514 3494 είπείν.
559 3423 735 3491 καὶτοῦτο
760 3421 885 3508 γνόντα
901 3419 1124 3503 Ἀλέξανδρον
1256 3453 1259 3462 ¹
