2572 3920
447 149 674 213 ANABA2121,
694 153 735 204 ιε.
1031 147 1095 228 35¹

108 295 186 377 νῆες
209 286 451 380 ὑστερήσασαι,
480 289 593 378 ἐπειδή
617 297 744 378 ἔμαθον
768 295 803 360 οί
822 289 986 381 ναύαρχοι
1004 293 1073 360 τῷν

109 389 195 479 ἀμφὶ
209 390 384 478 Νικάνορα
400 390 462 478 τήν
477 393 567 481 ἐν’τή
583 391 680 481 Λάδη
694 392 969 481 προκαταγωγήν,
989 391 1072 480 πρὸς

108 497 149 581 τῇ
168 491 318 580 Μυκάλῃ
335 497 390 584 ,τῷ
417 491 486 577 ὄρει
510 491 739 581 ωρμίσθησαν.
775 491 837 580 τήν
861 491 926 581 γάρ
952 491 1073 578 Λάδην

109 591 170 679 τήν
187 597 295 680 νῆσον
312 593 568 682 προκατειλήφει
591 589 819 680 Ἀλέξανδρος,
839 591 879 661 οὐ
898 599 967 662 τῷν
984 597 1073 662 νεῶν

74 723 85 763 τ
108 693 215 781 μόνον
233 699 275 782 τῇ
295 695 550 784 ἐγκαθορμίσει,
578 691 662 762 άλλά
687 695 743 762 καὶ
766 693 845 774 τοδς
865 699 999 784 Θρᾷκας
1017 693 1072 762 καὶ

108 800 177 862 τῷν
201 793 315 863 άλλων
338 797 444 876 ξένων
469 797 502 874 ἐς
523 801 802 884 τετρακισχιλίους
821 795 1015 882 διαβιβάσας
1040 797 1074 874 ἐς

110 893 227 982 αὐτήν.
263 887 351 982 ήσαν
375 895 508 964 δδτῷν
533 893 714 985 βαρβάρων
741 900 778 964 αι’
798 899 875 983 νῆες
901 893 989 984 άμφλ
1013 895 1073 975 τάς

109 1001 332 1084 τετρακοσίας.

186 1103 390 1185 Παρμενίων
414 1097 476 1185 μὲν
494 1096 535 1184 δή
560 1098 616 1166 καὶ
641 1095 685 1177 οδς
703 1094 846 1188 παρήνει
861 1094 1070 1190 Ἀλεξάνδρῷ
1089 1112 1106 1160 6

74 1226 97 1265 10
110 1213 315 1285 ναυμαχεῖν,
341 1197 382 1266 τά
405 1225 440 1266 τε
464 1197 549 1266 άλλα
567 1199 742 1288 κρατήσειν
760 1205 806 1290 τῷ
825 1202 972 1289 ναυτικῷ
990 1198 1072 1278 τούς

101 1297 266 1386 Ἕλληνας
292 1301 475 1382 ἐπελπίζων
493 1306 553 1368 καί
573 1326 604 1366 τι
620 1299 677 1366 καὶ
693 1309 792 1366 θεῖον
810 1296 988 1366 ἀνέπειθεν
1007 1297 1072 1367 αά-

109 1398 187 1484 τόν,
214 1397 265 1466 ὅτι
288 1397 382 1479 άετός
409 1399 510 1486 ὤφθη
533 1397 722 1486 καθήμενος
751 1399 805 1468 ἐπὶ
819 1403 892 1467 ιτοῦ
918 1404 1073 1485 αίγιαλοῦ

109 1498 194 1567 κατά
217 1498 374 1588 πρύμναν
397 1503 466 1568 τῷν
488 1498 707 1587 Ἀλεξάνδρου
730 1504 827 1568 νεάν.
860 1499 916 1567 καὶ
940 1500 1006 1588 γάρ
1031 1499 1073 1587 δή

109 1597 312 1687 νικήσαντας
335 1601 398 1688 μὲν
422 1600 550 1688 μεγάλα
573 1599 854 1688 ὠφεληθήσεσθαι
878 1603 911 1680 ἐς
935 1600 975 1670 τά
995 1601 1071 1670 ὅλα·

74 1730 97 1769 15
110 1711 279 1788 νικηθεῖσι
298 1700 335 1770 δε
354 1699 394 1770 οὕ
414 1700 504 1790 παρά
522 1703 606 1789 μέγα
624 1710 760 1770 ἔσεσθαι
777 1700 814 1769 τδ
833 1717 996 1790 πταῖσμα
1016 1703 1073 1770 καὶ

112 1800 156 1881 δίς
175 1800 242 1889 γάρ
259 1809 544 1889 θαλαττοκρατεῖν
563 1799 643 1882 τοδς
662 1803 805 1890 Πέρσας.
841 1803 896 1869 καὶ
915 1800 1016 1882 αάτδς
1035 1803 1073 1870 δὲ

110 1911 175 1990 ἔφη
201 1905 353 1988 ἐπιβῆναι
380 1905 508 1972 ἐθέλειν
538 1908 606 1970 τῷν
630 1907 718 1970 νεῶν
744 1901 886 1969 καὶτοῦ
911 1901 1072 1970 κινδύνου

110 2005 269 2091 μετέχειν.
301 2000 518 2092 Ἀλέξανδρος
543 2001 581 2071 δὲ
604 2008 645 2092 τῇ
669 2028 705 2070 τε
728 2000 846 2092 γνώμη
871 1999 1106 2090 άμαρτάνεινῖ

110 2110 176 2192 ἔφη
186 2111 415 2191 Παρμενίωνα
428 2105 484 2172 καὶ
496 2108 557 2172 τοῦ
571 2109 711 2191 σημείου
724 2108 766 2192 τῇ
780 2099 820 2170 οά
835 2101 918 2170 κατά
931 2101 969 2172 τδ
986 2102 1072 2184 είκδς

75 2233 98 2272 ω
112 2203 308 2293 ξυμβλήσει·
325 2202 454 2290 ὀλίγαις
464 2231 498 2272 τε
512 2203 578 2294 γάρ
591 2204 694 2281 ναυσί
708 2201 793 2292 πρὸς
807 2209 920 2295 πολλῷ
935 2211 1072 2284 πλείους

110 2305 173 2388 ξάν
187 2303 303 2374 οάδενὶ
316 2311 462 2396 λογισμῷ
476 2305 703 2393 ναυμαχήσειν
717 2306 773 2372 καὶ
787 2302 827 2372 οὐ
841 2304 1073 2392 μεμελετηκότι

110 2411 158 2498 τῷ
178 2411 276 2492 σφῷν
294 2411 440 2498 ναυτικῷ
458 2405 541 2494 πρδς
559 2403 749 2494 ήσκημένον
766 2403 803 2474 τὸ
820 2411 889 2473 τῷν
906 2413 1073 2491 Κυπρίων

110 2535 145 2576 τε
162 2507 219 2576 καὶ
239 2513 419 2576 Φοινίκων·
447 2507 508 2593 τήν
526 2533 560 2574 τε
580 2510 752 2594 ἐμπειρίαν
774 2510 843 2573 τῷν
861 2506 1072 2576 Μακεδόνων
1090 2521 1109 2571 8,

110 2608 167 2676 καὶ
179 2603 242 2695 τήν
254 2607 431 2696 τόλμανέν
445 2606 590 2700 άβεβαίῷ
608 2615 720 2698 χωρίῳ
734 2601 798 2675 οάκ
814 2607 943 2675 ἐθέλειν
961 2632 1070 2697 παρα-

75 2736 98 2776 ιε
112 2711 232 2778 δουναι
249 2723 318 2788 τοῖς
336 2707 529 2798 βαρβάροις·
565 2709 621 2776 καὶ
644 2706 814 2795 ἡττηθεῖσι
836 2713 878 2796 τῇ
902 2711 1074 2802 ναυμαχίᾳ

111 2806 152 2880 οά
171 2806 292 2897 μικρὰν
309 2807 371 2895 τήν
388 2807 517 2896 βλάβην
542 2815 679 2877 ἔσεσθαι
703 2811 735 2886 ἐς
758 2812 819 2875 τοῦ
847 2809 992 2897 πολέμου
1010 2809 1075 2896 τήν

111 2909 249 2999 πρώτην
266 2909 381 2996 δόξαν,
399 2909 440 2978 τά
456 2937 492 2978 τε
510 2905 594 2978 άλλα
606 2909 663 2976 καὶ
680 2903 932 2994 τοδςἝλληνας
949 2937 1072 2978 νεωτε-
1170 2971 1175 2988 2

111 3026 195 3099 ριεῖν
209 3009 295 3096 πρὸς
312 3017 373 3079 τοῦ
391 3017 553 3080 ναυτικοῦ
572 3015 775 3096 πταίσματος
794 3007 856 3094 τήν
875 3011 1073 3096 ἐξαγγελίαν

111 3113 330 3200 ἐπαρθέντας.
366 3117 472 3180 ταῦτα
495 3111 557 3198 μὲν
580 3116 627 3202 τῷ
654 3114 800 3202 λογισμῷ
821 3111 986 3192 ξυντιθεὶς
1006 3110 1107 3181 σάκει

74 3216 147 3281 ωέν
170 3215 275 3303 καιρῷ
300 3210 466 3299 άπέφαινε
491 3226 691 3311 ναυμαχεῖν·
722 3209 759 3279 τδ
785 3219 884 3279 θεῖον
908 3212 946 3281 δέ
969 3211 1072 3293 αὐτὸς

111 3312 195 3404 άλλη
222 3314 428 3400 ἐξηγεῖσθαι·
463 3310 547 3381 εἶναι
579 3312 642 3400 μέν
670 3311 736 3401 γάρ
767 3309 850 3400 πρὸς
880 3309 987 3382 αὐτοῦ
1009 3313 1070 3381 τδν

110 3413 230 3502 άετόν,
251 3411 322 3483 ἀλλ’
342 3413 391 3483 ὅτι
410 3415 465 3482 ε’πὶ
483 3419 543 3500 γής
564 3413 752 3502 καθήμενος
771 3415 938 3498 ἐφαίνετο,
957 3418 1071 3481 δοκεῖν

580 3531 582 3538 ,
884 3527 918 3574 3*
