2620 3924
473 173 657 226 εωιεεειε
675 178 698 234 ε,
718 177 742 225 ε.
1028 171 1089 236 105

125 308 182 376 καὶ
200 307 380 398 Βάλακρον
403 309 465 380 τόν
479 310 667 400 Ἀμύντου,
689 312 864 402 ναύαρχον
889 311 927 382 δέ
947 313 1001 383 ε’πί
1018 316 1088 381 των

125 411 213 476 νεῶν
228 412 417 497 Πολέμωνα
430 413 491 482 τὸν
506 415 740 501 Θηραμένους·
760 413 1032 501 σωματοφύλακα
1050 413 1088 482 δὲ

121 509 197 583 άντί
222 513 371 604 Ἀρρύβα
394 515 586 588 Λεοννάτον
612 517 672 585 τόν
696 514 833 586 Ἀντέου
854 517 984 596 ἔταξεν·
1009 514 1087 602 Ἀρ-

123 613 226 701 ρύβας
254 613 320 702 γάρ
347 617 439 708 νόσῳ
467 617 648 686 άπέθανεν.
686 613 839 684 άπέθανε
865 614 903 698 δὲ
929 615 986 684 καί
1009 613 1121 684 ’Λα-ο

99 722 237 800 ιτίοχος
255 713 273 783 ὁ
294 713 408 803 ἅρχων
419 717 489 783 τόν
501 716 660 800 τοξοτῶν,
676 716 733 782 καί
746 713 823 782 ἀντὶ
835 712 959 782 τούτου
973 711 1088 802 ἄρχειν

127 817 285 903 ἐπέστησε
296 832 367 895 τοῖς
376 816 525 898 τοξόταις
535 815 725 903 Ὀμβρίωνα
736 818 861 903 Κρῆτα.
889 815 944 882 ἐπὶ
957 813 995 882 δὲ
1006 813 1087 892 τούς

126 915 322 1002 ξυμμάχους
339 916 421 996 τούς
439 915 575 1002 πεζούς,
595 907 643 984 οἷν
662 915 837 1003 Βάλακρος
854 913 987 1001 ἡγεῖτο,
1015 914 1087 982 έπεί

125 1015 746 1108 ΒάλακροςένΑἰγύπτριύπελείπετο,
756 1017 917 1085 Κάλανον
926 1015 1087 1100 κατέστη-

126 1136 184 1184 σεν
202 1116 360 1213 ἡγεμόνα.
388 1134 584 1205 κατανεῖμαι
603 1117 641 1186 δὲ
660 1119 792 1202 ἐλέγετο
811 1121 845 1196 ές
863 1115 1011 1194 πολλούς
1024 1115 1086 1200 την
1105 1127 1121 1178 ’ἰ

88 1239 113 1278 ιο
126 1215 234 1306 ἀρχὴν
243 1221 301 1305 τῆς
311 1219 506 1305 Αἰγύπτου,
519 1218 581 1304 τήν
593 1242 628 1286 τε
638 1217 744 1304 φύσιν
752 1219 811 1302 τῆς
824 1217 936 1304 χιόρας
948 1215 1087 1302 θαυμά-

127 1320 258 1397 σαςκαί
273 1318 334 1404 τὴν
353 1318 553 1408 ὀχυρότητα,
570 1317 620 1386 ὅτι
633 1317 697 1386 ούκ
714 1316 864 1404 ἀσφαλές
878 1321 915 1384 οί
931 1320 1087 1403 ἐφαίνετο

128 1419 179 1487 ἑνὶ
199 1409 371 1507 έπιτρέυαι
384 1418 498 1508 άρχειν
512 1419 693 1504 Αἰγύπτου
712 1419 828 1506 πάσης.
861 1418 918 1486 καί
933 1415 1091 1504 Ῥωμαῖοί

126 1546 181 1605 μοι
206 1523 345 1588 δοκοῦσι
362 1520 437 1608 παρ’
460 1519 683 1607 Ἀλεξάνδρου
707 1519 874 1606 μαθόντες
895 1521 931 1586 έν
949 1519 1086 1604 φυλακῇ

128 1626 213 1706 ἔχειν
224 1630 403 1706 Αἰγυπτον
416 1622 472 1688 καί
486 1623 615 1709 μηδένα
627 1623 696 1688 τῶν
710 1618 776 1688 άπό
791 1621 917 1707 βουλῆς
933 1620 988 1688 έπί
1001 1620 1088 1707 τῷδε

89 1741 114 1794 ετ
129 1722 308 1807 ἐκπέμπειν
329 1719 484 1810 ύπαρχον
508 1720 707 1807 Αἰγύπτου,
731 1719 817 1788 ἀλλὰ
840 1722 909 1786 τῶν
934 1727 982 1797 εἰς
1006 1717 1088 1794 τούς

129 1822 250 1900 ἰππέας
269 1828 365 1908 σφίσι
382 1823 643 1902 ξυντελούντων.

200 1919 419 2010 Ἀλέξανδρος
433 1921 471 1990 δέ
484 1920 551 2009 ἅμα
565 1925 611 2012 τῷ
626 1911 681 2008 ἦρι
694 1919 923 2006 ύποφαίνοντι
938 1920 973 1985 έκ
987 1918 1117 2004 Μέμ-6

127 2047 204 2109 φιος
227 2020 280 2110 ᾔει
299 2024 353 2090 ἐπὶ
381 2031 556 2110 Φοινίκης·
584 2022 640 2088 καί
670 2019 873 2108 ἐγεφυρύθη
898 2015 991 2107 αύτῷ
1018 2014 1088 2085 ὅτε

127 2122 213 2190 κατά
239 2124 380 2210 Μέμφιν
404 2122 507 2211 πόρος
531 2125 592 2191 τού
621 2129 749 2192 Νείλου
773 2121 831 2188 καί
856 2124 895 2188 αἰ
925 2117 1088 2207 διάρυχες

89 2244 115 2284 ²0
128 2219 236 2292 αὑτοῦ
251 2225 363 2292 πᾶσαι.
389 2222 436 2303 ως
446 2223 484 2292 δὲ
496 2222 636 2309 όφίκετο
652 2225 686 2301 ές
699 2221 825 2310 Τύρον,
839 2218 1088 2306 καταλαμβάνει

129 2325 281 2392 ἐνταῦθα
298 2315 381 2409 ἧκον
399 2323 491 2413 αύτῷ
510 2323 572 2410 ἤδη
590 2325 648 2391 καί
665 2321 704 2390 τό
722 2321 892 2391 ναυτικόν.
931 2323 967 2390 ἐν
988 2319 1087 2409 Τύρῳ

127 2423 165 2492 δὲ
180 2415 281 2504 αὖθις
294 2424 373 2493 θύει
384 2429 432 2514 τῷ
447 2424 605 2513 Ἡρακλεῖ
616 2425 674 2491 καί
688 2422 807 2509 ἀγῶνα
820 2437 910 2490 ποιεῖ
920 2420 1087 2508 γυμνικόν

126 2550 163 2592 τε
179 2525 237 2592 καί
255 2525 428 2612 μουσικόν.
462 2528 613 2594 ἐνταῦθα
631 2523 818 2610 ἀφικνεῖται
837 2520 911 2610 παρ’
932 2519 1037 2589 αύτόυ
1053 2522 1086 2600 ἐξ
1104 2532 1121 2581 2

123 2621 279 2712 Ἀθηνῶν
296 2624 317 2712 ἡ
333 2626 491 2714 Πάραλος
506 2627 660 2712 πρέσβεις
674 2623 805 2710 άγουσα
820 2623 1016 2710 Διόφαντον
1030 2623 1087 2689 καὶ

87 2723 290 2810 ιεἈχιλλέα·
316 2727 587 2814 ξυνεπρέσβευον
611 2723 649 2794 δέ
672 2723 791 2803 αύτοῑς
808 2725 866 2792 καὶ
884 2728 920 2791 oc
935 2721 1089 2807 Πάραλοι

127 2824 326 2911 ξύμπαντες.
354 2828 412 2894 καί
427 2817 521 2894 οὗτοι
534 2829 603 2894 τῶν
616 2851 651 2892 τε
665 2822 777 2892 ἄλλων
793 2830 913 2909 ἔτυχον
927 2813 975 2890 ὧν
990 2825 1088 2890 ἕνεκα

128 2925 315 3013 ἐστάλησαν
333 2928 390 2996 καί
403 2925 484 3006 τούς
498 2925 733 3014 αἰχμαλώτους
751 2923 881 3011 ἀφῆκεν
895 2921 1087 3009 Ἀθηυαίοις

127 3023 199 3094 ὅσοι
218 3028 273 3094 ἐπὶ
288 3032 443 3117 Γρανικῷ
457 3027 650 3114 Ἀθηναίων
670 3025 831 3094 ἑάλωσαν.
862 3024 903 3091 τά
920 3022 947 3102 ό
966 3025 1002 3091 ἐν
1017 3031 1087 3092 Πε-
1105 3034 1122 3082 3

127 3127 326 3218 λοποννήσμ
340 3125 390 3196 ὅτι
403 3125 496 3218 αύτῷ
514 3135 772 3214 νενεωτερίσθαι
789 3123 991 3211 ἀπήγγελτο,
1006 3122 1087 3210 Ἀμ-

86 3246 113 3288 ιο
126 3226 272 3315 φοτερόν
290 3230 410 3315 πέμπει
434 3235 573 3315 βοηθεῖν
593 3234 879 3314 Πελοποννησίων
903 3221 976 3294 ὅσοι
1002 3231 1034 3302 ές
1052 3250 1087 3291 τε

124 3327 186 3396 τόν
201 3327 369 3415 Περσικόν
388 3328 535 3414 πόλεμον
553 3329 680 3415 βέβαιοι
697 3319 783 3414 ἦσαν
800 3328 857 3396 καί
876 3330 1085 3410 Λακεδαιμο-

124 3435 211 3498 νίων
224 3426 266 3496 ού
281 3428 478 3516 κατήκουον.
513 3429 641 3508 Φοίνιξι
655 3427 693 3494 δὲ
711 3429 767 3494 καὶ
783 3434 949 3515 Κυπρίοις
963 3442 1085 3513 προσε-
