2632 3922
480 174 666 229 εειεεεευε
683 178 710 241 ο,
729 179 768 230 ιε.
1048 176 1113 240 269

143 361 181 406 τε
212 335 271 403 καὶ
313 333 594 421 ἐπεργαζομένων.
650 329 669 402 ὁ
704 332 743 402 δέ
776 331 860 402 κατά
898 336 1014 417 δίωξιν
1043 337 1147 403 τῶνε

145 433 345 524 φευγόντων
371 431 543 522 ἐκπέμψας
569 439 630 521 τῆς
656 439 809 522 στρατιάς
833 431 916 515 τοῦς
942 434 1110 522 κουφοτά-

145 562 239 623 τους,
267 533 343 606 ἐπεί
366 560 455 616 τινες
482 533 597 604 αῦτῦν
623 535 896 624 ξυνελήφθησαν,
924 530 1113 624 ἀποπέμπει

144 635 290 717 τούτους
317 638 409 726 παρὰ
433 633 514 716 τοῦς
532 633 668 722 άλλους,
687 634 915 725 ἐντειλάμενος
941 633 1114 706 ἐπανιέναι

117 739 379 827 εθαρροῦντας·
419 735 505 808 εἶναι
529 735 595 826 γάρ
613 733 730 817 αότολς
746 737 811 824 τήν
836 761 873 806 τε
890 735 989 806 πόλιν
1007 742 1113 807 οίκεῑν

146 837 192 918 τός
219 837 371 927 πρόσθεν
396 838 453 907 καὶ
477 835 540 924 τήν
567 836 681 929 χάραν
699 834 902 928 ἐργάξεσθαι.
929 839 987 907 καὶ
1005 836 1113 915 ἐπαν-

143 943 254 1026 ῆλθον
280 942 316 1006 ολ
339 940 459 1008 πολλοὶ
485 936 609 1008 αῦτοέν.
920 961 926 968 ·

220 1037 337 1120 Αῦτδς
362 1037 401 1108 δὲ
421 1037 639 1126 Ἡφαιστίωνι
668 1041 857 1126 προστάξας
890 1047 1040 1128 τειχίζειν
1072 1033 1111 1108 ἐν
1124 1039 1164 1107 18

146 1153 216 1220 τοῖς
244 1138 413 1220 Πατάλοις
440 1137 548 1228 άκραυ
584 1137 771 1229 ἀποπέμπει
801 1140 835 1222 ἐς
867 1139 930 1230 τὴν
960 1138 1115 1230 άνυδρον

106 1265 135 1308 ιο
146 1244 205 1329 τῆς
222 1247 367 1329 πλησίον
384 1244 447 1328 γῆς
464 1239 594 1330 φρέατά
611 1267 647 1309 τε
665 1239 847 1330 ὀρυξοντας
865 1242 922 1311 καὶ
939 1239 1114 1330 οίκήσιμον

144 1343 205 1429 τὴν
223 1341 336 1431 χάραν
360 1340 684 1426 κατασκευάσοντας.
727 1342 785 1412 καὶ
803 1342 934 1423 τούτοις
951 1340 1114 1411 ἐπέθεντο

143 1447 215 1511 τῦν
241 1441 450 1533 προσχώρων
467 1441 557 1523 τινές
582 1442 784 1532 βαρβάρων,
809 1445 866 1513 καὶ
886 1449 956 1512 έστι
971 1441 1034 1531 μέν
1052 1439 1114 1523 οῦς

146 1544 344 1632 διέφθειραν
370 1541 488 1612 αῦτιῦν
506 1541 605 1632 ῦφνω
623 1541 884 1634 προσπεσόντες,
910 1541 1057 1622 πολλοῦς
1076 1543 1114 1612 δὲ

144 1645 205 1712 καὶ
225 1644 324 1732 σφῦν
343 1642 570 1731 ἀποβαλόντες
586 1651 716 1734 ἔφυγον
730 1651 778 1725 είς
790 1644 853 1732 τὴν
872 1650 1008 1734 ἔρημον,
1027 1643 1114 1712 ὥστε

107 1767 133 1810 ιε
147 1743 400 1832 ἐπιτελεσθῆναι
416 1759 486 1824 τοῖς
504 1743 728 1833 ἐκπεμφθεῖσι
744 1744 786 1813 τά
807 1750 900 1832 ἔργα,
927 1764 1113 1835 προσγενο-

147 1846 251 1936 μένης
278 1840 394 1926 αύτοῑς
420 1846 475 1914 καὶ
503 1844 606 1933 άλλης
632 1850 804 1936 στρατιάς,
830 1842 875 1931 ἢν
897 1843 1114 1933 Ἀλέξανδρος

146 1945 340 2036 πυθόμενος
371 1949 440 2015 τῶν
471 1945 654 2036 βαρβάρων
685 1943 748 2034 τὴν
782 1943 937 2016 ἐπίθεσιν
962 1944 1116 2016 ἐστάλκει

146 2048 349 2135 μεθέξοντας
374 2052 437 2116 τοῦ
464 2052 575 2135 ἔργον.

223 2148 312 2236 Περὶ
338 2147 377 2216 δέ
401 2162 472 2228 τοῖς
491 2147 658 2229 Πατάλοις
684 2153 826 2238 σχίζεται
851 2151 914 2216 τοῦ
936 2145 1048 2218 Ἰνδοῦ
1073 2147 1148 2218 τόν

107 2246 241 2339 εοῦδωρ
281 2248 315 2330 ἐς
354 2247 417 2318 δύο
461 2247 634 2338 ποταμούς
679 2249 863 2338 μεγάλους·
915 2248 973 2318 καὶ
1023 2238 1116 2318 οῦτοι

147 2350 329 2440 ἀμφότεροι
346 2347 485 2433 στάζουσι
501 2356 564 2419 τοῦ
578 2348 688 2422 Ἰνδοῦ
705 2348 744 2418 τό
763 2347 870 2438 ὄνομα
894 2355 966 2420 ἔστε
985 2347 1041 2417 ἐπὶ
1053 2349 1116 2436 τὴν

146 2450 341 2521 θάλασσαν·
375 2450 527 2520 ἐνταῦθα
543 2449 766 2540 ναύσταθμόν
783 2475 819 2519 τε
836 2452 893 2519 καλ
910 2455 1115 2530 νεωσοίκους

149 2549 257 2620 ἐποίει
277 2550 513 2640 Ἀλέξανδρος·
550 2551 596 2632 ῦς
614 2550 654 2620 δέ
671 2549 943 2641 προύκεχωρήκει
960 2549 1056 2642 αύτῷ
1073 2549 1116 2619 τά

151 2658 243 2740 ἔργα,
269 2645 288 2719 ό
315 2650 353 2720 δέ
378 2659 562 2720 καταπλεῖν
580 2649 711 2721 ἐπενόει
729 2655 803 2722 ἐστε
820 2647 876 2721 ἐπὶ
894 2649 955 2740 τὴν
972 2648 1117 2741 ἐκβολὴν

111 2756 214 2819 τετοῦ
245 2749 283 2820 ἐν
302 2752 410 2846 ,δεξιᾷ
438 2749 574 2840 ῥέοντος
601 2756 754 2838 ποταμοῦ
781 2748 816 2831 ἐς
841 2750 906 2838 τὴν
929 2751 1115 2821 θάλασσαν.

149 2850 343 2921 Λεοννάτον
367 2851 430 2940 μέν
457 2849 510 2939 δή,
537 2849 621 2931 δούς
648 2849 740 2942 αύτῷ
766 2853 898 2920 τόντε
924 2851 1056 2920 ἱππέων
1083 2855 1150 2932 ἐςο

149 2959 279 3040 χιλίους
296 2952 354 3021 καὶ
372 2957 443 3022 τῦν
460 2948 609 3021 όπλιτῦν
626 2977 663 3021 τε
679 2953 737 3021 καὶ
750 2955 859 3034 ψιλόν
878 2954 911 3032 ἐς
930 2949 1116 3040 ὀκτακισχι-

148 3060 257 3141 λίους,
284 3054 369 3123 κατά
395 3053 458 3141 τὴν
482 3059 590 3142 νῆσον
615 3053 657 3123 τά
676 3053 819 3124 Πάταλα
847 3053 1006 3142 ἐκπέμπει
1022 3052 1116 3123 άντι-

150 3155 315 3245 παράγειν
331 3160 380 3246 τῷ
394 3153 519 3247 στόλφ·
546 3151 649 3235 αῦτδς
663 3153 702 3224 δέ
714 3152 774 3235 τάς
787 3153 931 3244 μάλιστα
944 3159 1015 3224 τῶν
1027 3161 1116 3225 νεῶν

109 3283 135 3323 ιο
147 3256 428 3343 ταχυναυτούσας
455 3255 637 3345 άυαλαβοέν
663 3253 740 3324 ὅσαι
765 3281 802 3324 τε
818 3254 965 3344 ἡμιόλιαι
980 3257 1038 3326 καὶ
1055 3257 1116 3337 τάς

151 3357 414 3447 τριακοντόρους
439 3357 550 3438 πάσας
573 3359 631 3427 καὶ
647 3359 716 3426 τῶν
733 3357 928 3447 κερκούρων
948 3363 1037 3428 ἔστιν
1054 3354 1116 3438 οῦς

152 3462 242 3528 ἔπλει
267 3458 353 3528 κατὰ
377 3458 439 3528 τόν
465 3458 616 3548 ποταμόν
633 3456 694 3528 τόν
713 3459 750 3528 ἐν
768 3457 869 3550 δεξιᾷ.
914 3455 979 3528 οῦκ
1007 3463 1151 3546 ἐχουτιε
