2632 3922
466 150 649 204 εαεειειε
666 154 696 217 ε,
712 155 740 208 α
1017 151 1082 224 205
1158 209 1162 216 ,

110 308 253 397 ἄνεμον,
285 309 343 380 καί
375 307 428 377 ὅτι
459 309 618 398 δίστομός
652 313 742 380 ἐστιν
775 308 792 381 ὁ
823 309 930 391 Ἰνδδς
963 313 1086 380 καλαί

113 412 254 500 ἐκβολαὶ
281 409 390 482 αύτού
413 404 601 499 ἀμφότεραι
626 412 839 499 τεναγώδεις,
866 411 1020 500 καθάπερ
1046 415 1086 480 αί

114 513 218 581 πέντε
234 515 295 584 τού
314 506 462 600 Ἴστρου,
488 513 547 580 καλ
573 509 624 581 ὅτι
642 513 754 582 Δέλτα
780 528 871 582 ποιεί
894 515 952 584 καί
978 509 1083 593 αύτδς

117 618 157 684 ἐν
184 615 226 702 τῇ
241 612 358 687 Ἰνδῶν
384 617 431 700 γῇ
448 616 495 705 τῷ
513 620 695 706 Αἰγυπτίῳ
713 615 826 684 Δέλτα
852 613 1085 703 παραπλήσιον

83 716 178 784 εκαλ
210 718 311 784 τούτο
337 713 479 784 Πάταλα
511 721 661 783 καλεῖται
688 712 807 784 Ἰνδῶν
840 717 951 804 φωνῇ,
977 717 1085 784 ταῦτα

116 816 182 904 μέν
208 812 298 905 ύπδρ
324 819 385 884 τοῦ
408 813 535 902 Ἰνδού,
566 815 607 884 τά
637 815 780 904 μάλιστα
805 812 871 886 οὐκ
897 811 1084 904 ἀμφίλογα,

117 919 178 986 καλ
205 917 280 1004 έμολ
305 913 567 1004 ἀναγεγράφθω.
613 918 685 986 ἐπεὶ
711 917 768 986 καλ
794 910 813 985 ὁ
836 915 1001 1004 Ὑδάσπης
1026 918 1118 987 καλε

113 1019 288 1106 Ἀκεσίνης
301 1018 359 1086 καὶ
374 1015 563 1106 ’λδραάτης
575 1019 633 1086 καὶ
642 1015 797 1106 Ὕφασις,
810 1019 867 1114 καλ
881 1009 974 1086 οὗτοι
983 1016 1085 1086 Ἰνδοὶ

119 1121 265 1206 ποταμοὶ
280 1115 385 1203 ὅντες,
399 1123 468 1186 τῶν
481 1118 545 1206 μὲν
554 1115 668 1188 ἀλλων
676 1124 746 1187 τῶν
752 1119 916 1190 Ἀσιανῶν
925 1123 1086 1205 ποταμοῖν

76 1244 105 1284 ιο
120 1221 212 1290 πολύ
237 1246 269 1288 τι
294 1217 378 1288 κατά
396 1220 540 1306 μέγεθος
557 1213 803 1310 ὑπερφέρουσι·
843 1225 905 1289 τού
918 1215 1028 1289 Ἰνδοῦ
1048 1218 1086 1288 δὲ

22 1347 31 1362 ·
119 1321 252 1410 μείονές
279 1327 344 1390 είσι
361 1321 419 1388 καὶ
436 1320 524 1390 πολύ
553 1317 595 1408 δὴ
613 1327 754 1410 μείονες,
782 1318 870 1390 ὅπου
897 1322 955 1390 καλ
981 1316 1086 1400 αύτδς

120 1420 258 1501 ὁἸνδδς
273 1425 335 1490 τού
355 1420 498 1508 Γάγγου.
531 1428 683 1510 Κτησίας
697 1423 774 1511 μέν,
793 1429 826 1492 εί
838 1419 881 1510 δη’
901 1448 948 1512 τφ
969 1420 1086 1500 ι’κανδς

119 1525 179 1592 καὶ
206 1528 357 1610 Κτησίας
386 1526 420 1602 ές
446 1529 678 1614 τεκμηρίωσιν,
706 1527 764 1592 ἵνα
790 1522 854 1610 μὲν
880 1521 1087 1601 στενώτατος

121 1623 224 1704 αὐτὸς
251 1622 358 1691 αύτοῦ
386 1616 527 1703 δἸνδύς
545 1627 624 1710 ἐστι,
650 1624 901 1712 τεσσαράκοντα
928 1627 1087 1702 σταδίους

80 1745 107 1786 1⁶
121 1723 172 1795 ὅτι
199 1724 367 1810 διέχουσιν
394 1722 487 1814 αὐτῶ
515 1727 554 1792 αλ
577 1721 692 1811 ὄχθαι·
738 1730 795 1794 ἵνα
822 1723 859 1793 δὲ
878 1723 1088 1803 πλατύτατος

121 1828 178 1895 καὶ
211 1823 347 1894 ἑκατόν·
400 1824 439 1892 τδ
473 1824 562 1893 πολύ
596 1823 634 1893 δὲ
661 1823 748 1893 εἶναι
780 1823 886 1894 αὐτοῦ
920 1825 958 1893 τὸ
984 1824 1088 1912 μέσον

120 1927 265 1996 τούτοιν.
1125 1991 1129 2002 ,

203 2029 334 2097 Τούτου
365 2024 426 2094 τὸν
458 2024 610 2113 ποταμδν
641 2026 700 2094 τὸν
723 2024 833 2095 Ἰνδδν
859 2025 928 2095 ύπδ
955 2026 1017 2112 τὴν
1044 2028 1121 2097 έωε
1253 2084 1260 2102 .

123 2128 270 2216 διέβαινε
294 2128 359 2208 ξδν
383 2131 426 2216 τῇ
445 2129 584 2216 στρατιᾷ
597 2125 816 2212 Ἀλέξανδρος
836 2129 869 2206 ές
887 2129 956 2194 τῶν
969 2124 1089 2195 Ἰνδῶν

82 2228 185 2316 εοτὴν
210 2231 290 2316 γῆν·
337 2221 426 2314 ὑπὲρ
454 2217 502 2295 ῶν
529 2225 595 2313 ἐγιδ
623 2226 703 2296 οὔτε
729 2223 780 2307 οἷς
796 2227 995 2313 τισινόμοις
1013 2231 1089 2295 δια-

123 2333 269 2418 χρῶνται
295 2331 332 2398 έν
357 2330 439 2416 τῇδε
455 2332 496 2416 τῇ
516 2329 697 2417 ξυγγραφῇ
714 2327 903 2418 ἀνέγραψα,
928 2325 1007 2396 οὔτε
1023 2330 1090 2418 ζῷα

124 2438 156 2500 εί
168 2429 211 2516 δή
223 2455 297 2498 τινα
311 2428 418 2497 ἀτοπα
431 2428 452 2516 ἡ
466 2429 559 2516 χύρα
572 2427 691 2509 αύτοῑς
706 2429 849 2517 ἐκφέρει,
869 2425 950 2498 ούτε
965 2427 1089 2515 ίχδύας
1137 2467 1139 2476 ε

122 2527 252 2619 ἢκύτη
270 2527 333 2598 ὅσα
350 2526 371 2616 ἢ
390 2527 445 2600 οἷα
464 2527 603 2610 δἸνδδς
621 2526 642 2616 ἢ
660 2529 678 2598 ὁ
694 2529 860 2616 Ὑδάσπης
876 2525 898 2616 ἣ
916 2528 934 2597 ὁ
954 2529 1089 2616 Ιάγγης

124 2629 145 2719 ἢ
177 2636 214 2700 οί
241 2629 337 2699 ἄλλοι
359 2625 478 2698 Ἰνδῶν
504 2632 649 2718 ποταμοὶ
676 2632 857 2718 φέρουσιν,
891 2629 975 2698 ούδδ
1006 2629 1089 2709 τούς

87 2753 113 2794 2⁵
126 2732 304 2819 μύρμηκας
329 2730 410 2810 τούς
436 2731 498 2798 τδν
523 2730 653 2818 χρυσόν
686 2752 801 2818 σφισιν
835 2731 1090 2820 ἐργαζομένους,

127 2831 207 2900 ούδὲ
232 2830 312 2910 τούς
338 2831 472 2918 γρύπας
497 2831 577 2911 τούς
605 2831 779 2918 φύλακας,
805 2831 887 2900 ούδδ
913 2829 976 2900 ὅσα
1002 2829 1090 2898 ἀλλα

128 2931 184 3019 ἐφ’
203 2930 312 3019 ἡδονῇ
330 2931 461 3019 μάλλύν
478 2956 509 2998 τι
526 2939 704 3020 πεποίηται
728 2928 749 3017 ἢ
776 2935 809 3012 ἐς
828 2930 999 3020 ἀφήγησιν
1021 2933 1090 2999 τῶν

127 3032 249 3119 ὄντων,
277 3030 323 3112 ῶς
348 3031 428 3116 τάγε
453 3031 527 3100 κατ’
553 3030 683 3113 Ἰνδούς
709 3030 772 3102 ὅσα
798 3029 841 3100 ἀν
867 3031 976 3101 ἀτοπα
1002 3031 1090 3111 ψεύ-

128 3155 260 3222 σωνται,
280 3132 343 3202 ούκ
362 3132 668 3222 ἐξελεγχθησόμενα
685 3134 770 3220 πρὸς
786 3133 959 3224 ούδαμῶν.
1000 3131 1087 3200 ἀλλά
1106 3151 1124 3200 4
1241 3141 1244 3148 “

91 3259 116 3299 εο
125 3235 338 3321 Ἀλέξανδρος
364 3234 430 3322 γάρ
456 3235 514 3302 καί
540 3240 577 3304 ολ
599 3233 663 3316 ξύν
688 3234 798 3325 τούτῳ
825 3233 1089 3320 στρατεύσαντες

127 3336 165 3404 τά
192 3336 299 3404 πολλά
327 3335 520 3425 ἐξήλεγξαν,
548 3332 612 3404 ὅσα
637 3361 675 3421 γε
701 3334 746 3422 μη
773 3336 831 3402 καὶ
858 3332 971 3402 αὐτῶν
999 3339 1089 3402 ἐστιν

128 3444 162 3506 ολ
178 3435 379 3518 ἐψεύσαντο·
407 3433 581 3527 ἀχρύσους
593 3461 629 3505 τε
646 3434 734 3505 εἶναι
747 3433 878 3515 Ἰνδούς
898 3433 1088 3521 ἐξήλεγξαν,
