2620 3924
196 161 237 226 ης
266 218 268 222 ,
548 155 801 218 ελεωιαεεοω

197 327 246 381 τις
263 303 334 370 τῶν
352 299 436 388 ἄμφ’
457 298 585 386 αὐτόν,
608 299 669 368 τὸν
684 296 906 385 Ἀλέξανδρον
921 297 1051 384 δείξας,
1070 301 1157 368 ἐκεῖ·
1215 377 1220 384 ¹

197 429 259 471 νον
279 409 342 489 ἔφη
360 400 447 470 εἶναι
460 399 700 490 Ἀλέξανδρον,
722 399 784 486 τὴν
802 397 864 485 μὲν
881 405 1158 468 καταιδεσθεῖσαν

197 505 239 590 τῇ
259 507 440 591 διαμαρτίᾳ
457 500 669 590 ὑποχωρεῖν,
698 499 919 588 Ἀλέξανδρον
937 499 976 568 δὲ
993 499 1034 568 οὐ
1054 499 1159 586 φάναι

199 602 308 690 αὐτὴν
331 601 508 691 ἁμαρτεῖν·
548 603 606 669 καὶ
630 601 696 689 γάρ
718 601 776 670 καὶ
802 603 932 669 ἐκεῖνον
956 598 1043 668 εἶναι
1062 598 1158 670 Ἀλέ-

165 706 354 793 Βξανδρον.
396 703 584 771 καὶταῦτα
609 701 676 787 ἐγώ
701 699 781 770 οὔθ’
806 699 853 780 τός
875 700 987 788 άληθῆ
1011 698 1089 770 οὔτε
1112 699 1158 780 οἱς
1184 723 1197 764 ε

199 804 308 892 πάντη
331 802 453 872 άπιστα
478 801 664 891 ἀνέγραψα.
700 800 774 870 ἀλλ’
795 811 861 870 εἴτε
879 799 987 880 οὕτως
1006 801 1158 889 ἐπράχθη

201 908 326 974 ἐπαινῶ
345 903 566 992 Ἀλέξανδρον
582 907 641 988 τῆς
659 927 695 971 τε
714 905 747 982 ές
764 901 824 982 τὰς
841 917 1007 988 γυναῖκας
1024 927 1158 970 κατοικ-

199 1013 318 1084 τίσεως
335 1006 391 1073 καὶ
410 1005 469 1090 τῆς
487 1010 536 1083 είς
552 1002 613 1071 τόν
642 1005 776 1090 ἑταῖρον
800 1011 944 1084 πίστεως
967 1004 1025 1071 καὶ
1047 1005 1157 1090 τιμῆς·

201 1115 267 1175 είτε
290 1104 435 1184 πιθανός
458 1110 554 1174 δοκεῖ
576 1118 648 1184 τοῖς
678 1103 914 1191 ξυγγράφασιν
940 1102 1159 1191 Ἀλέξανδρος

202 1205 246 1286 τός
270 1209 328 1274 καὶ
351 1207 458 1274 ταῦτα
477 1200 521 1273 άν
544 1204 672 1294 πράξας
695 1207 753 1272 καὶ
777 1203 884 1274 είπιόν
906 1206 964 1274 καὶ
990 1206 1046 1272 ἐπὶ
1071 1208 1159 1296 τῷδε
1173 1227 1200 1266 ιο

202 1309 327 1377 ἐπαινῶ
342 1305 571 1393 Ἀλέξανδρον.

152 1416 192 1480 13
278 1419 424 1494 Δαρεῖος
454 1405 493 1474 δὲ
523 1405 586 1493 τὴν
615 1405 677 1492 μὲν
705 1404 815 1473 νόκτα
844 1404 909 1483 ξόν
939 1403 1066 1491 ὀλίγως
1087 1419 1159 1485 τοῖς

201 1507 288 1595 ἄμφ’
308 1505 415 1575 αὐτὸν
435 1512 557 1594 ἔφυγε,
580 1509 623 1593 τῇ
647 1505 685 1574 δὲ
709 1505 817 1596 ἡμέρᾳ
837 1505 1088 1594 ἀναλαμβάνων
1106 1505 1159 1574 άεὶ

201 1613 270 1676 τεόν
289 1634 325 1676 τε
343 1609 486 1696 Περσῶν
503 1605 584 1686 τούς
602 1608 830 1686 διασωθέντας
850 1610 887 1676 ἐκ
903 1611 961 1692 τῆς
978 1607 1084 1694 μάχης
1102 1610 1159 1676 καὶ

201 1711 271 1777 τῶν
305 1710 411 1790 ξένων
438 1710 508 1776 τῶν
537 1707 774 1796 μισθοφόρων,
813 1709 847 1786 ές
876 1714 1159 1796 τετρακισχιλίους
1172 1730 1199 1770 1⁵

204 1815 290 1895 ἔχων
313 1809 394 1889 τοός
419 1809 566 1896 πάντας,
591 1806 636 1888 οός
661 1810 717 1878 ἐπὶ
736 1807 900 1887 Θάψακόν
921 1835 957 1877 τε
981 1808 1080 1877 πόλιν
1102 1810 1160 1876 καὶ

202 1909 264 1978 τόν
275 1909 462 1999 Εὐφράτην
476 1908 626 1997 ποταμόν
640 1911 774 1996 σπονδῇ
789 1907 949 1996 ἤλαυνεν,
964 1907 1010 1988 οἱς
1023 1909 1160 1995 τάχιστα

203 2012 307 2098 μέσον
341 2009 449 2079 αότοῦ
482 2037 518 2078 τε
547 2011 604 2080 καὶ
631 2008 853 2097 Ἀλεξάνδρον
882 2009 943 2078 τόν
974 2008 1160 2098 Εὐφράτην

169 2113 345 2195 ιποιῆσαι.
377 2109 544 2196 Ἀμύντας
566 2115 604 2178 δε
627 2108 646 2176 ό
668 2107 840 2196 Ἀντιόχου
858 2112 915 2179 καὶ
934 2110 1123 2198 Θυμώνδας
1140 2109 1159 2177 ό

100 2283 106 2296 ,
203 2211 380 2298 Μέντορος
403 2211 461 2279 καλ
482 2208 719 2296 Ἀριστομήδης
743 2207 762 2277 ό
789 2219 932 2298 Φεραῖος
949 2213 1007 2280 καὶ
1025 2211 1159 2299 Βιάνωρ
1173 2237 1200 2276 ιο

203 2311 222 2379 ό
237 2310 424 2399 Ἀκαρνάν,
447 2309 636 2396 ξυμπάντες
653 2300 748 2378 οὗτοι
765 2309 963 2399 αὐτόμολοι,
991 2313 1073 2399 μετά
1092 2314 1161 2379 τῶν

203 2409 288 2499 ἄμφ’
317 2409 445 2489 αὐτοὺς
470 2413 681 2497 στρατιωτῶν
705 2408 751 2491 οἱς
774 2410 1028 2498 ὀκτακισχιλίων
1052 2409 1161 2491 εόδός

203 2511 251 2590 οἱς
263 2513 459 2598 τεταγμένοι
470 2501 558 2597 ἦσαν
577 2511 661 2579 κατά
674 2512 714 2579 τὰ
730 2510 791 2601 ὅρη
804 2513 987 2599 φεόγοντες
996 2511 1162 2598 ἀφίκοντο

169 2615 241 2690 τίς
271 2619 432 2700 Τρίπολιν
458 2613 516 2696 τῆς
542 2620 716 2699 Φοινίκης
751 2614 807 2680 καὶ
836 2616 988 2682 ἐνταῦθα
1014 2620 1161 2681 καταλαν

203 2711 320 2801 βάντες
337 2711 397 2792 τόις
414 2713 501 2790 ναῦς
518 2713 790 2800 νενεωλκημένας
809 2712 862 2799 ἐφ’
889 2703 938 2782 ὧν
956 2714 1107 2802 πρόσθεν
1126 2716 1162 2781 ἐκ
1174 2739 1201 2780 ιε

205 2815 338 2901 Λέσβον
357 2814 643 2901 διακεκομισμένοι
660 2803 759 2902 ἦσαν,
777 2814 908 2882 τοότων
922 2811 997 2884 ὅσαι
1009 2813 1072 2903 μὲν
1087 2819 1162 2883 ίκα-

205 2921 267 2982 ναί
283 2932 398 3002 σφισιν
418 2917 451 2994 ἐς
465 2914 528 3000 τὴν
545 2915 686 3002 κομιδὴν
705 2915 865 3000 ἐδόκουν,
895 2915 1020 2994 ταότας
1038 2923 1162 2985 καθελ-

203 3013 380 3101 κύσαντες,
393 3015 453 3095 τὰς
467 3014 505 3082 δὲ
518 3012 622 3093 άλλας
636 3013 743 3083 αὐτοῦ
759 3017 797 3084 έν
809 3031 881 3095 τοῖς
893 3024 1045 3105 νεωρίοις
1058 3042 1162 3084 κατα-

203 3107 408 3203 καόσαντες,
447 3113 493 3193 οἱς
522 3115 568 3202 μὴ
597 3130 782 3202 παρασχεῖν
809 3131 946 3204 ταχεῖαν
975 3120 1073 3203 σφῶν
1101 3116 1162 3201 τὴν

204 3214 332 3302 δίωξιν,
352 3216 407 3283 ἐπὶ
422 3213 566 3301 Κάπρον
586 3221 731 3302 ἔφευγον
745 3217 801 3284 καλ
817 3219 947 3287 ἐκεῖθεν
961 3223 1009 3296 είς
1023 3227 1161 3302 Αίγνπ-
1176 3243 1202 3284 το

203 3340 280 3400 τον,
323 3319 443 3404 ἵναπερ
479 3312 597 3401 ὀλίγον
632 3313 776 3404 ὕστερον
807 3318 1103 3405 πολυπραγμονῶν
1132 3342 1163 3384 τι

200 3412 368 3501 Ἀμόντας
385 3414 593 3502 ἀποθνήσκει
609 3415 680 3484 όπό
699 3421 769 3484 τῶν
788 3420 968 3507 ἐγχωρίων.
