2632 3922
193 128 260 194 232
553 124 809 183 εοεεεεαενοε

131 350 135 358 .
195 286 252 360 καὶ
279 289 316 356 οἱ
336 284 434 354 άλλοι
451 283 643 372 πρόσχωροι
670 281 787 364 αῦτολς
812 283 1077 370 ξυνεληλυθότες
1095 284 1171 372 πρὸ

85 463 89 466 ,
196 393 256 474 της
283 386 414 464 πόλεως
432 385 721 472 παρατεταγμένοι
747 375 833 470 ἦσαν
861 385 916 454 ἐπὶ
941 383 1094 471 γηλόφου
1120 383 1167 452 ού

196 489 307 574 πάντη
339 485 514 575 ἀποτόμου
546 485 662 576 κύκλῳ
696 483 734 553 δὲ
765 487 826 554 τοῦ
854 485 1007 573 γηλόφου
1034 479 1167 574 άμύξας

198 587 456 677 περιστήσαντες
496 587 589 666 ἐντός
629 583 743 656 αὐτῶν
778 588 1078 674 ἐστρατοπέδευον,
1115 585 1165 666 οἱς

199 692 362 776 τριπλοῦν
388 689 519 777 χάρακα
545 692 806 776 περιβεβλῆσθαι
833 686 898 776 πρὸ
924 694 993 756 τῶν
1013 689 1195 774 ἁμαξῶν.ε

165 789 416 879 εἈλέξανδρος
442 788 480 858 δὲ
498 788 538 856 τό
563 815 599 858 τε
625 792 756 874 πλῆθος
774 787 919 858 κατιδῦν
936 793 1006 856 τῶν
1031 789 1163 876 βαρβά-

199 919 269 980 ρων
295 891 353 960 καὶ
379 895 442 958 τοῦ
468 896 596 980 χωρίου
622 889 684 975 τήν
701 888 820 978 φύσιν,
847 887 1060 977 οἱς-μάλιστα
1078 891 1163 978 πρὸς

197 993 239 1060 τά
259 991 412 1080 παρόντα
432 991 468 1060 ἐν
486 993 592 1081 καιρῷ
612 994 648 1058 οἱ
664 991 821 1077 ἐφαίνετο
839 990 1077 1079 παρετάσσετο·
1104 993 1162 1059 κοιλ

197 1093 279 1172 τοῦς
305 1091 369 1178 μὲν
397 1091 615 1172 ἱπποτοξότας
637 1087 745 1172 εύθδς
764 1088 810 1172 ὡς
829 1090 918 1177 εἶχεν
936 1093 1092 1180 ἐκπέμπει
1106 1090 1160 1160 ἐπ’

198 1192 347 1280 αύτούς,
382 1191 657 1281 άκροβολιξεσθιιι
687 1191 852 1272 κελεύσας
877 1193 1162 1282 παριππεύοντας,
1177 1219 1206 1258 ιο

200 1287 246 1374 ῦς
277 1293 359 1382 μήτε
394 1293 561 1380 ἐκδρομήν
591 1319 665 1362 τινα
698 1291 900 1380 ποιήσασθαι
930 1291 1012 1374 τοῦς
1033 1290 1163 1374 Ἰνδούς

199 1397 283 1482 πρὶν
310 1395 540 1481 ξυνταχθῆναι
565 1389 658 1484 αὐτῷ
677 1391 739 1478 τήν
764 1395 922 1479 στρατιάν
939 1394 996 1466 καὶ
1014 1392 1059 1472 οἱς
1076 1403 1163 1482 πλη-

199 1495 263 1582 γάς
289 1502 468 1581 γίγνεσθαι
493 1492 611 1572 αὐτοῖς
629 1495 687 1562 καὶ
704 1492 770 1583 πρό
788 1496 846 1581 τής
863 1494 970 1582 μάχης
990 1493 1083 1574 ἐντός
1100 1501 1163 1564 τοῦ

165 1593 429 1684 εόχυρύματος.
457 1588 561 1674 αῦτδς
588 1593 626 1662 δὲ
653 1594 708 1662 ἐπὶ
734 1593 797 1682 μὲν
823 1598 883 1664 τοῦ
912 1597 1020 1676 δεξιοῦ
1056 1597 1163 1682 κέρως

200 1703 269 1768 νῦν
297 1695 428 1766 ἱππέων
453 1695 491 1764 τδ
519 1693 629 1784 άγημα
655 1697 836 1784 κατέστησε
861 1697 919 1764 καὶ
937 1695 1000 1782 τήν
1017 1703 1162 1768 Κλείτου
1175 1719 1203 1762 ιε
1290 1761 1291 1764 ,

203 1801 403 1888 ἱππαρχίαν,
432 1798 612 1886 ἐχομένους
636 1797 675 1864 δὲ
692 1795 823 1866 τούτων
839 1797 921 1876 τοῦς
938 1797 1165 1887 ὑπασπιστάς,
1188 1797 1189 1802 ’

199 1899 257 1968 καὶ
283 1901 339 1968 ἐπὶ
357 1893 489 1978 τούτοις
515 1895 596 1975 τοῦς
610 1894 802 1986 Ἀγριᾶνας·
835 1897 919 1966 κατά
948 1899 986 1968 δὲ
1011 1901 1049 1968 τδ
1076 1897 1164 1968 εύά-

198 2027 310 2088 υυμον
338 2003 530 2084 Περδίκκας
565 1995 659 2088 αὐτῷ
695 1999 868 2087 ἐτέτακτο,
906 1999 968 2086 τήν
994 2027 1030 2070 τε
1055 1999 1163 2070 αὑτοῦ
1195 2045 1198 2053 ·
1290 2011 1291 2020 ’

200 2108 287 2189 ἔχων
323 2104 508 2188 ἱππαρχίαν
541 2099 598 2166 καλ
633 2098 692 2178 τάς
718 2105 788 2168 νῦν
814 2107 1015 2190 πεζεταίρων
1041 2101 1163 2182 τάξεις·

200 2203 256 2270 ἐπὶ
281 2201 388 2288 κέρως
416 2199 454 2268 δὲ
482 2199 642 2287 ἑκατέρου
669 2203 705 2270 οἱ
728 2199 859 2282 τοξόται
883 2198 976 2294 αύτῷ
994 2207 1070 2289 διχή
1088 2208 1160 2272 δια·
1175 2227 1202 2268 ιο

165 2301 373 2390 ε’κριθέντες
401 2299 600 2388 ἐτάχθησαν.
650 2299 843 2373 ἐκτάσσοντι
868 2301 907 2372 δὲ
938 2300 1031 2394 αύτῷ
1058 2327 1164 2393 παρε·

199 2405 339 2489 γένοντο
366 2401 423 2470 καὶ
449 2406 486 2469 οἱ
509 2399 576 2468 άπδ
603 2406 662 2487 τής
686 2399 985 2490 ὀπισθοφυλακίας
1012 2413 1105 2487 πεζοί
1128 2431 1164 2474 τε

199 2505 257 2572 καὶ
286 2507 407 2582 ἱππεῖς.
452 2501 509 2570 καὶ
535 2501 666 2570 τούτων
691 2503 773 2584 τοῦς
799 2503 861 2592 μὲν
889 2506 1012 2586 ἱππέας
1041 2507 1096 2576 έπὶ
1121 2503 1162 2572 τά

198 2607 323 2692 κέρατα
351 2603 470 2672 διελύν
495 2602 708 2692 παρήγαγεν·
740 2603 807 2672 άπδ
832 2603 870 2673 δὲ
887 2607 958 2674 τῦν
975 2610 1081 2688 πεζῶν
1094 2607 1164 2674 τῦν

199 2704 481 2794 προσγενομένων
502 2705 715 2792 πυκνοτέραν
735 2704 797 2790 τήν
811 2705 1002 2791 σύγκλεισιν
1015 2708 1074 2792 τῆς
1094 2706 1156 2794 φά-
1174 2725 1201 2768 εν
1256 2761 1260 2774 .

198 2815 325 2894 λαγγος
351 2805 492 2892 ποιήσας
527 2803 632 2884 αύτδς
659 2799 842 2894 άναλαβδν
874 2807 937 2892 τήν
968 2811 1074 2877 ἵππον
1101 2806 1162 2894 τήν

199 2911 256 2980 ἐπὶ
282 2910 342 2976 τοῦ
362 2909 472 2988 δεξιοῦ
489 2906 695 2992 τεταγμένην
713 2907 907 2994 παρήγαγεν
928 2909 983 2976 ἐπὶ
1002 2906 1064 2988 τάς
1078 2907 1160 2978 κατά

198 3008 238 3077 τό
254 3007 434 3096 εῦύνυμον
448 3003 641 3076 τῦνἸνδάυ
655 3004 792 3092 ἁμάξας.
819 3007 926 3096 ταύτη
941 3007 1006 3094 γάρ
1016 3007 1161 3098 εύπροσ-
1290 3011 1291 3086 λ

200 3109 368 3197 οδιάτερον
392 3106 485 3196 αύτῷ
512 3107 667 3192 ἐφαίνετο
688 3105 726 3176 τὸ
745 3113 870 3196 χοιρίον
893 3109 950 3176 καὶ
970 3105 1011 3180 ού
1037 3112 1162 3180 πυκναὶ

201 3209 364 3288 οἱσαύτως
391 3214 430 3277 αί
453 3204 575 3293 ἅμαξαι
602 3207 846 3294 ἐφειστήκεσαν.
1173 3231 1199 3272 ιο
1290 3233 1291 3296 3

146 3317 191 3382 23
274 3306 331 3387 Ὡς
372 3307 410 3375 δὲ
452 3307 506 3374 ἐπὶ
545 3307 609 3392 τήν
641 3313 748 3376 ἵππον
781 3315 1067 3398 προσαγαγοῦσαν
1101 3310 1162 3382 οῦκ

201 3409 385 3497 ἐξέδραμον
412 3411 449 3475 οἱ
460 3404 560 3476 Ἰνδοὶ
589 3409 652 3490 ἔξω
677 3411 745 3478 τῶν
771 3408 920 3500 άμαξῦν,
947 3412 1023 3482 ἄλλ’
1052 3415 1161 3501 ἐπιβέ-
