2632 3922
234 147 298 213 272
593 145 843 207 AAFfflAPoT

235 305 404 394 Περσικόν
429 309 487 376 καὶ
512 305 572 389 τὰς
604 306 747 397 ἐκβολάς
777 310 840 375 τοῦ
865 333 902 375 τε
927 303 1120 392 Εὐφράτου
1149 304 1208 373 καλ

233 410 295 476 τοῦ
328 416 501 496 Τίγρητος.

182 515 226 580 20
309 507 527 580 Ἐπανελθῦν
561 509 601 578 δέ
631 507 740 578 ότίσω
767 507 803 588 ἐς
826 506 870 576 τά
903 506 1045 578 Πάταλα
1077 504 1145 592 τήν
1170 531 1206 574 τε
1276 557 1277 596 η

234 607 344 698 ἄκραν
377 611 622 698 τετειχισμένην
660 609 910 698 καταλαμβάνει
946 608 1004 676 καί
1036 612 1205 678 Πείθωνα

234 708 300 791 ξῦν
330 715 374 799 τῇ
405 715 545 801 στρατιᾷ
576 709 764 798 άφιγμένου
795 712 854 778 καὶ
886 708 996 801 τούτῳ
1023 707 1226 794 ξῦμπανται

234 813 539 901 καταπεπραγμένα
552 810 609 899 ἐφ’
628 808 747 899 οἷσπερ
761 809 894 898 ἐοτάλη.
916 807 1126 896 Ἡφαιστίων
1139 807 1203 896 μὲν
1276 815 1277 896 η

235 911 279 998 δὴ
304 911 428 1001 ἐτάχθη
452 913 714 999 παρασκευάζειν
739 913 780 982 τά
806 913 891 999 πρὸς
915 911 976 980 τὸν
994 909 1203 996 ἐκτειχισμόν
1276 971 1277 980 ,

233 1039 270 1081 τε
294 1015 355 1081 τοῦ
382 1014 606 1102 ναυστάθμου
632 1015 690 1083 καί
715 1019 785 1082 τῶν
800 1018 993 1082 νεωσοίκων
1015 1011 1079 1097 τὴν
1097 1035 1202 1078 κατα·
1276 1047 1277 1052 1

234 1113 375 1199 σκευήν·
415 1114 473 1182 καί
499 1115 566 1203 γάρ
579 1116 637 1184 καί
654 1114 806 1184 ἐνταῦθα
822 1112 954 1182 ἐπενόει
970 1111 1094 1182 στόλον
1110 1109 1201 1180 1510-

234 1220 409 1284 λείπεσθαι
440 1217 530 1284 ναῦν
562 1213 626 1284 οῦκ
658 1211 784 1300 ὀλίγον
815 1213 902 1304 πρός
934 1217 976 1302 τῇ
1003 1213 1100 1281 πόλει
1129 1226 1201 1292 τοῖς
1214 1242 1236 1280 ιο

234 1315 415 1402 Πατάλοις,
442 1321 563 1405 ἵναπερ
589 1315 733 1403 ἐσχίζετο
759 1315 778 1385 ό
804 1313 954 1403 ποταμός
979 1313 999 1382 ὁ
1022 1311 1140 1392 Ἰνδός.

199 1432 217 1482 ο
311 1415 427 1494 Αῦτός
453 1415 492 1485 δέ
517 1417 602 1487 κατά
641 1415 679 1486 τό
713 1419 828 1506 ἕτερον
860 1415 967 1503 στόμα
1000 1419 1062 1483 τοῦ
1085 1412 1199 1484 Ἰνδοῦ
1276 1487 1277 1490 ,

232 1517 386 1583 κατέπλει
403 1507 557 1598 αῦθιςές
573 1508 636 1604 τὴν
652 1517 803 1606 μεγάλην
818 1517 1008 1602 θάλασσαν,
1028 1513 1074 1594 τός
1093 1540 1195 1584 κατα·
1276 1507 1277 1524 ’

232 1626 357 1702 μαθεῖν
383 1615 450 1704 ῦπη
468 1617 684 1709 εῦπορωτέρα
700 1617 722 1706 ἡ
741 1619 864 1705 ἐκβολὴ
881 1622 945 1687 τοῦ
958 1615 1069 1686 Ἰνδοῦ
1088 1617 1124 1694 ἐς
1136 1615 1199 1684 τὸν

235 1716 364 1786 πόντον
395 1725 544 1807 γίνεται,
576 1718 690 1806 άπέχει
716 1718 755 1788 δέ
781 1718 936 1805 ἀλλήλων
973 1719 1015 1786 τά
1048 1715 1198 1803 στόματα
1211 1744 1233 1784 15

215 1821 295 1885 ’τοῦ
321 1824 475 1906 ποταμοῦ
500 1823 562 1889 τοῦ
576 1818 688 1890 Ἰνδοῦ
707 1822 741 1900 ἐς
759 1825 919 1900 σταδίους
935 1818 1077 1906 μάλιστα
1095 1815 1197 1886 όκτα·

199 1925 371 2000 3κοσίους
395 1922 453 1989 καὶ
479 1927 618 2006 χιλίους.
670 1924 708 1991 ἐν
735 1920 774 1990 δέ
798 1923 847 2013 τῷ
871 1921 1032 2010 κατάπλῳ
1057 1915 1197 2005 ἐφίκετο

232 2024 291 2106 τῆς
306 2023 446 2107 ἐκβολῆς
463 2026 526 2090 τοῦ
544 2027 698 2110 ποταμοῦ
718 2024 751 2102 ἐς
764 2029 889 2110 λίμνην
900 2021 1063 2110 μεγάλην,
1079 2015 1197 2105 ἥντινα

233 2117 457 2206 ἀναχεόμενος
483 2120 502 2190 ὁ
521 2121 682 2211 ποταμός,
707 2122 813 2208 τυχόν
836 2122 876 2192 δέ
892 2123 949 2192 καὶ
968 2126 1089 2192 ἐκτῶν
1103 2119 1195 2208 πέριξ

233 2213 370 2288 ῦδάτων
403 2222 617 2310 ἐμβαλόντων
645 2226 679 2302 ἐς
712 2223 840 2311 αῦτηυ,
872 2222 1022 2311 μεγάλην
1046 2248 1083 2291 τε
1108 2235 1230 2288 ποιεῖν

232 2322 290 2388 καὶ
322 2318 439 2414 κόλπῳ
470 2323 613 2410 μάλιστα
638 2323 813 2411 θαλάσσης
841 2327 1006 2394 ἐοικυῖαν·
1043 2321 1102 2392 καὶ
1128 2319 1195 2409 γάρ

234 2419 353 2506 ίχθῦες
378 2419 441 2510 ἤδη
469 2425 506 2492 ἐν
532 2423 620 2513 αὐτῇ
636 2430 707 2493 τῶν
724 2422 791 2493 άπδ
809 2425 983 2514 θαλάσσης
1001 2427 1194 2512 ἐφαίνοντο,

230 2527 379 2608 μείζονες
404 2525 474 2591 τοῖν
501 2527 538 2594 ἐν
563 2529 644 2614 τῇδε
660 2532 703 2614 τῇ
721 2524 864 2616 ἡμετέρᾳ
880 2527 1047 2614 θαλάσση.
1086 2541 1195 2611 προσ·

234 2622 409 2710 ορμισθεὶς
435 2615 499 2693 οῦν
522 2625 607 2694 κατά
624 2623 687 2713 τὴν
710 2633 834 2715 λίμνην
856 2631 977 2717 ἵναπερ
994 2632 1032 2696 οί
1044 2635 1194 2710 καθηγε-

230 2721 330 2810 μόνες
349 2724 542 2812 ἐξηγοῦντο,
559 2731 627 2796 τῶν
644 2726 707 2814 μέυ
725 2733 937 2816 στρατιωτῶν
952 2727 1033 2808 τοῦς
1047 2723 1194 2804 πολλοῦς
1207 2749 1230 2790 τε

231 2831 423 2894 καταλείπει
436 2823 503 2894 σῦν
513 2827 692 2920 Λεοννάτῳ
706 2827 814 2897 αῦτοῦ
826 2829 883 2896 καὶ
895 2828 974 2908 τοῦς
987 2827 1195 2918 κερκούρους

196 2924 435 3011 4ξάμπαντας.
488 2926 593 3008 αῦτός
625 2927 664 2996 δέ
694 2943 768 3010 ταῖς
801 2929 1047 3019 τριακοντόροις
1073 2956 1108 2998 τε
1134 2928 1194 2995 καὶ

231 3023 397 3110 ἡμιολίαις
428 3025 633 3112 ῦπερβαλδν
658 3027 721 3117 την
747 3029 889 3118 ἐκβολὴν
914 3035 980 3099 τοῦΙ
998 3029 1106 3100 Ἰνδοῦ
1134 3031 1193 3097 καί

231 3122 411 3210 προελθοδυ
428 3127 485 3193 καὶ
503 3126 610 3217 ταότη
630 3130 663 3208 ἐς
680 3129 743 3217 τὴν
760 3129 939 3200 θάλασσαν
955 3128 1192 3220 εὐπορωτέραν

229 3249 265 3292 τε
282 3223 450 3310 κατέμαθε
474 3225 537 3313 τὴν
564 3229 619 3297 ἐπὶ
644 3229 725 3300 τάδε
750 3236 811 3300 τοῦ
830 3225 939 3302 Ἰνδοῦ
968 3229 1108 3320 ἐκβολὴν
1133 3233 1230 3300 miso

232 3320 335 3402 αῦτδς
362 3330 621 3413 προσορμισθεὶς
647 3334 695 3420 τῷ
722 3335 864 3422 αἰγιαλῷ
890 3334 948 3400 καὶ
973 3337 1043 3401 τῦν
1062 3333 1191 3402 ἱππέων

230 3420 323 3501 τινάς
355 3419 424 3510 ἅμα
450 3419 486 3493 οἷ
510 3431 595 3513 ἔχων
621 3429 711 3517 παρὰ
737 3429 916 3500 θάλασσαν
941 3430 994 3520 ᾔει
1020 3431 1190 3518 σταθμοὺς
