2620 3924
459 131 645 217 ΑΝΑΒΑΣΙΣ
662 137 691 193 3,
709 135 751 186 11.
1015 131 1076 196 113

113 329 115 334 -
191 285 338 362 Δαρεῖος
369 270 407 342 δέ
430 275 487 340 καὶ
515 270 621 354 ὀξύν
645 279 783 364 Δαρείφ
807 269 949 361 στρατός
968 270 1126 352 οὕτωςῙΙ

115 374 204 455 ὅπως
227 374 290 460 τὴν
308 373 415 463 ἀρχὴν
435 374 596 454 ἐτάξαντο
615 380 747 462 ἔμειναν
765 376 823 460 τῆς
845 373 968 454 νυκτός
983 377 1074 456 ’ξυν-

115 477 328 563 τεταγμένοι,
353 473 403 542 ὅτι
427 473 507 544 οὔτε
531 475 759 564 στρατόπεδον
784 473 902 554 αὐτοῖς
921 477 1076 562 ,περιεβέ-

115 585 217 666 βλητο
235 575 370 665 ἀκριβές
389 577 446 644 καὶ
466 573 535 663 ἅμα
554 579 743 664 ἐφοβοῦντο
760 575 806 662 μή
830 595 923 662 σφισι
941 575 1077 663 νύκτωρ

89 709 103 749 ι
119 681 290 748 ἐπίθοιντο
309 681 344 746 οί
360 677 517 765 πολέμιοι.
550 679 607 746 καὶ
625 688 719 766 εἴπερ
737 703 768 744 τι
785 675 881 765 ἄλλο,
898 679 956 745 καὶ
973 681 1076 746 τοῦτο
1094 690 1109 737 2

118 779 265 868 ἐκάκωσε
288 793 360 858 τοῖς
385 780 532 866 Πέρσαις
558 781 596 848 έν
614 783 661 868 τῷ
679 778 755 870 τότε
771 777 812 846 τὰ
831 777 1030 867 πράγματα,
1056 779 1078 866 ἡ

117 880 230 960 στάσις
245 877 386 966 ἡπολλὴ
400 878 421 966 ἡ
438 879 501 960 ξύν
516 895 587 960 τοῖς
601 877 716 960 ὅπλοις
729 881 787 950 καὶ
800 877 838 948 τό
849 881 939 966 δέος,
953 877 1078 967 ὅτιπερ

118 989 210 1066 φιλεῖ
233 979 298 1068 πρὸ
322 983 393 1048 τῶν
416 980 573 1068 μεγάλων
596 980 768 1058 κινδύνων
792 987 989 1068 γίγνεσθαι,
1015 979 1079 1049 ούκ
1164 1058 1166 1063 ‚

120 1083 155 1150 ἐκ
172 1085 233 1148 τοῦ
250 1088 442 1169 παραυτίκα
455 1083 668 1169 σχεδιασθέν,
686 1079 756 1150 ἀλλ’
778 1085 814 1151 έν
832 1085 947 1173 πολλῷ
967 1081 1079 1173 χρόνῳ
1172 1141 1174 1146 .

80 1212 106 1264 ιο
118 1184 301 1270 μελετηθέν
318 1209 353 1250 τε
371 1186 428 1251 καὶ
446 1184 507 1262 τάς
520 1181 658 1269 γνάμας
675 1181 793 1260 αὐτοῖς
808 1183 1077 1270 δουλωσάμενον.

84 1339 87 1344 .
190 1281 335 1370 Ἐτάχθη
350 1283 387 1352 δὲ
400 1283 494 1374 αὐτῷ
509 1281 529 1370 ἡ
545 1283 681 1372 στρατιά
697 1273 778 1350 ὧδε·
799 1281 886 1351 ἑάλω
899 1285 965 1372 γάρ
978 1281 1079 1352 όστε-
1098 1296 1114 1344 3

118 1411 180 1473 ρον
203 1382 224 1471 ἡ
248 1384 337 1464 τάξις
361 1381 479 1472 ἥντινα
505 1384 597 1464 ἔταξε
615 1395 762 1473 Δαρεῖυς
779 1385 1010 1473 γεγραμμένη,
1036 1382 1081 1464 άς
1147 1470 1152 1476 ¹

118 1488 206 1572 λέγει
219 1481 484 1573 Ἀριστόβουλος.
520 1485 558 1553 τό
581 1485 646 1572 μὲν
669 1483 849 1572 εύόννμον
867 1483 960 1576 αύτῷ
980 1487 1082 1573 κέρας

119 1593 211 1656 οἵτε
234 1586 391 1674 Βάκτριοι
417 1591 529 1666 ίππελς
555 1585 646 1672 εἶχον
670 1589 727 1656 καὶ
752 1585 815 1666 ξύν
840 1587 972 1667 τούτοις
991 1587 1083 1656 Δάαι

83 1714 108 1754 τε
120 1687 175 1756 καὶ
199 1685 386 1777 Ἀραχωτοί
392 1706 398 1718 ’
432 1689 487 1756 ἐπὶ
509 1686 549 1756 δέ
577 1687 710 1766 τούτοις
736 1689 864 1776 Πέρσαι
895 1687 1082 1774 ἐτετάχατο,

122 1793 236 1867 ίππεῖς
248 1814 284 1856 τε
298 1786 383 1876 ὁμοῦ
402 1790 459 1856 καὶ
472 1789 563 1871 πεζοὶ
580 1787 853 1876 ἀναμεμιγμένοι,
870 1789 927 1856 καὶ
942 1788 1083 1856 Σούσιοι

122 1892 176 1974 ἐπὶ
196 1891 361 1978 Πέρσαις,
380 1891 436 1958 έπὶ
455 1889 493 1958 δέ
512 1896 673 1968 Σουσίοις
692 1888 884 1958 Καδούσιοι.
917 1885 1002 1975 αὕτη
1020 1887 1083 1974 μὲν
1100 1899 1118 1947 4

119 1991 140 2076 ἡ
158 1994 220 2058 τοῦ
238 1989 422 2076 εὐωνύμου
433 1992 539 2078 κέρως
560 1996 631 2058 ἔστε
644 1991 702 2058 έπὶ
718 1989 758 2072 τό
776 1990 880 2076 μέσον
898 1992 956 2076 τῆς
975 1989 1083 2076 πάσης

121 2091 296 2179 φάλαγγος
313 2091 405 2172 τάξις
422 2083 480 2178 ἦν·
499 2091 583 2160 κατὰ
601 2089 641 2158 δὲ
658 2089 695 2160 τό
714 2089 824 2172 δεξιόν
843 2095 878 2158 οἵ
893 2117 928 2158 τε
947 2093 983 2158 έκ
998 2097 1084 2160 Κοί-

83 2220 109 2260 το
122 2200 181 2280 λης
200 2199 333 2278 Συρίας
356 2193 414 2260 καὶ
437 2197 474 2260 οί
490 2195 526 2262 ἐκ
543 2195 602 2277 τῆς
620 2193 722 2279 μέσης
746 2195 815 2260 τῶν
834 2195 993 2279 ποταμῶν
1013 2194 1084 2260 έτε-

120 2293 258 2382 τάχατο,
276 2294 334 2362 καὶ
352 2295 468 2380 Μῆδοι
486 2299 533 2361 έτι
551 2291 635 2362 κατά
653 2291 690 2360 τδ
711 2293 834 2380 δεξιόν,
854 2294 910 2362 ἐπὶ
929 2291 967 2360 δὲ
985 2303 1082 2380 Παρ-

120 2405 241 2464 θυαῖοι
265 2395 323 2462 καὶ
349 2394 477 2480 Σάκαι,
506 2395 560 2462 ε’πλ
579 2393 618 2464 δὲ
641 2393 812 2483 Τάπονροι
835 2395 893 2462 καὶ
908 2393 1085 2481 Ὑρκάνιοι,

122 2497 179 2564 ἐπὶ
194 2494 232 2564 δὲ
246 2493 404 2583 Ἀλβανολ
415 2496 475 2564 καὶ
491 2502 687 2584 Σακεσίναι,
705 2486 799 2571 οὗτοι
812 2495 874 2582 μὲν
889 2501 962 2564 έστε
978 2495 1033 2562 ἐπὶ
1046 2493 1084 2561 τό

121 2597 226 2682 μέσον
243 2600 301 2681 τῆς
319 2597 428 2684 πάσης
447 2596 630 2684 φάλαγγος.
670 2595 756 2665 κατὰ
773 2595 934 2684 τδ·μέσον
952 2597 1010 2681 δέ,
1028 2599 1122 2664 ἴναό

83 2722 109 2762 ετ
121 2687 164 2782 ἦν
188 2696 345 2784 βασιλεύς
367 2699 539 2786 Δαρεῖος,
559 2701 595 2765 οἵ
615 2723 651 2765 τε
672 2711 849 2784 συγγενεῖς
873 2701 910 2765 oi
922 2697 1086 2784 βασιλέως

123 2796 301 2884 ἐτετάχατο
317 2799 382 2866 ’καὶ
407 2803 443 2866 οί
461 2797 651 2886 μηλοφόροι
675 2799 804 2885 Πέρσαι
827 2800 885 2864 καὶ
904 2795 1006 2866 Ἰνδοὶ
1028 2797 1086 2864 καὶ

123 2901 235 2984 Κᾶρες
268 2904 305 2967 οί
332 2897 542 2970 ἀνάσπαστοι
563 2897 774 2994 ,καλούμενοι
804 2899 861 2966 καὶ
888 2900 925 2964 οί
948 2895 1087 2985 Μάρδοι

122 2999 269 3080 τοξόται·
301 2999 417 3082 Οὔξιοι
435 3000 472 3070 δὲ
496 3002 553 3070 καὶ
578 2999 792 3088 Βαβυλώνιοι
812 2999 871 3066 καλ
889 3003 926 3066 oc
941 2997 1025 3086 πρὸς
1043 2998 1084 3084 τῇ

124 3103 255 3190 ἐρυθρᾷ
273 3102 432 3189 θαλάσση
451 3103 507 3170 καὶ
528 3102 710 3189 Σιτακηνοὶ
736 3103 769 3180 ές
785 3099 894 3188 βάθος
911 3101 1087 3184 Ἰἐπιτεταγ-

84 3224 110 3267 ιο
123 3203 218 3288 μένοι
235 3194 330 3289 ἦσαν.
366 3203 607 3288 προετετάχατο
621 3201 659 3270 δὲ
674 3203 730 3270 ἐπὶ
746 3199 810 3289 μὲν
823 3205 884 3270 τοῦ
904 3199 1085 3288 εύωνόμου
1104 3208 1123 3256 6

121 3303 209 3372 κατὰ
227 3303 265 3370 τό
285 3303 395 3384 δεξιὸν
412 3302 450 3371 τδ
471 3302 693 3390 Ἀλεξάνδρον
711 3307 748 3372 οἵ
763 3329 799 3372 τε
817 3301 955 3372 Σκύθαι
974 3305 1087 3386 ίππεϊς

121 3405 179 3472 καλ
194 3406 263 3471 τῶν
278 3407 499 3494 Βακτριανῶν
514 3407 548 3484 ές
563 3411 692 3490 χιλίους
704 3404 762 3472 καὶ
773 3400 904 3492 ἅρματα
918 3407 1089 3491 δρεπανη·
1122 3473 1137 3503 ἡ,

172 3521 302 3565 Annum.
915 3517 932 3564 8
1126 3515 1133 3524 '
