2620 3924
216 151 260 230 ομ
569 147 825 214 unt-:Ampor

182 294 273 364 υκαὶ
298 289 317 360 6
341 296 402 362 τού
423 291 507 372 Διὸς
525 291 696 372 Διόνυσος
720 300 879 379 γίγνεται.
921 290 1091 371 Διόνυσος
1115 289 1180 380 μέν

216 395 258 482 δή
282 402 393 483 τρίτος
410 391 453 462 ἂν
471 392 537 463 άτιό
556 394 700 482 Κάδμου
718 404 788 482 είη,
815 391 900 463 κατά
918 393 1100 480 Λάβδακον
1117 395 1180 462 τὸν

217 495 429 584 Πολυδάρου
464 499 526 564 τοῦ
558 495 701 582 Κάάμου
731 500 851 563 παῖδα·
894 491 1059 582 Ἡρακλῆς
1090 493 1128 564 δὲ
1158 493 1178 562 6

213 595 362 685 Ἀργεῑος
380 594 449 666 κατ’
472 602 643 692 Οίβίιιοθα
660 597 802 683 μάλιστα
819 595 879 666 τὸν
897 602 1013 669 ιλαίου.
1042 596 1181 684 σέβουσι

218 697 255 768 θλ
268 699 326 772 καὶ
339 697 523 785 Αἰγύπτιοι
540 695 647 768 άλλον
662 697 839 786 Ἡρακλέα,
858 695 923 782 οὐχ
939 693 1043 786 ὅνπερ
1063 697 1179 784 Τύριοι
1204 717 1218 760 ε

182 795 428 886 οήἝλληνες,
457 797 544 868 άλλὰ
569 800 658 885 λέγει
677 797 856 886 Ἡρόδοτος
879 795 1022 870 ὅτιτῶν
1046 797 1178 868 Mesua

215 902 307 970 θεῶν
335 900 500 989 Ἡρακλέα
531 899 678 986 άμουσιν·
698 899 902 987 Αἰγύπτιοι,
936 899 1090 986 καθάπερ
1120 901 1178 968 καὶ

212 999 387 1088 Ἀθηναῖοι
404 1001 576 1072 Διόνυσον
600 1000 661 1070 τὸν
680 1000 764 1082 Διὸς
787 1003 845 1070 κοιλ
871 999 983 1089 Κόρης
1007 1001 1179 1088 σέβουσιν,

216 1100 320 1170 ἄλλον
337 1105 459 1172 τοῦτον
479 1103 668 1174 Διόνυσον·
707 1103 766 1170 καὶ
784 1099 949 1188 ὁἸακχος
974 1099 992 1169 6
1017 1100 1177 1188 μυστικὸς

182 1221 199 1269 4
216 1203 327 1296 τούτῳ
344 1207 392 1294 τῷ
405 1203 585 1291 Διονύσῳ,
603 1202 681 1289 ούηλ
698 1205 745 1294 τῷ
765 1210 918 1294 Θηβαίῳ,
937 1202 1102 1292 ἐπᾴδεται.
1131 1200 1177 1281 ως
1191 1224 1219 1266 ιο

215 1304 277 1372 τόν
294 1331 333 1390 με
352 1307 389 1374 έν
408 1307 592 1395 Ταρτησσῷ
608 1303 693 1392 πρὸς
712 1303 852 1392 Ἰβήρων
871 1303 1058 1391 τιμάμενον
1074 1301 1177 1390 Ἡρα·

215 1407 315 1493 κλέα,
333 1411 391 1476 ἵνα
408 1407 464 1474 καὶ
483 1408 604 1492 στῆλαί
618 1431 705 1482 τινες
720 1404 924 1494 Ἡρακλέους
943 1402 1180 1492 ὠνομασμέναι

216 1514 292 1592 είσι,
310 1509 399 1574 δοκῶ
419 1505 563 1591 ἐγώτὸν
583 1506 708 1594 Τύριον
726 1504 813 1580 εἶναι
827 1505 1011 1594 Ἡρακλέα,
1029 1502 1080 1574 ὅτι
1095 1514 1177 1574 Φοι-

215 1615 322 1678 νίκων
340 1605 499 1694 κτίσμαή
525 1607 717 1695 Ταρτησσὸς
739 1608 797 1676 καὶ
821 1609 869 1697 τῷ
890 1613 1060 1684 Φοινίκων
1082 1605 1177 1696 νόμῳ

216 1706 235 1776 ὅ
258 1735 295 1776 τε
318 1707 403 1787 νεάς
427 1716 605 1796 πεποίηται
628 1711 676 1798 τῷ
697 1706 855 1797 Ἡρακλεῖ
882 1710 930 1798 τῷ
961 1710 1032 1778 ἐκεῖ
1058 1708 1116 1782 καὶ
1141 1711 1180 1776 αλ
1191 1728 1218 1770 ιο

182 1825 198 1875 ο
215 1818 336 1879 θυσίαι
348 1809 502 1881 θύονται.
530 1808 708 1898 Γηρυόνην
721 1811 772 1897 δέ,
792 1807 841 1896 ἐφ’
861 1805 977 1882 ὅντινα
994 1805 1013 1876 ὁ
1029 1805 1177 1897 Ἀργεῖος

213 1909 378 1999 Ἡρακλῆς
389 1910 508 1999 ἐστάλη
523 1910 607 1998 πρὸς
618 1909 827 1999 Εὐρυσθέως
840 1909 901 1989 τάς
914 1913 998 1997 βοάς
1012 1908 1178 1984 άωελάσοι

214 2011 274 2092 τάς
292 2012 471 2099 Γηρυόνου
497 2013 555 2082 καλ
580 2010 722 2098 ἀγαγεῖν
746 2014 781 2090 ές
798 2011 987 2107 Μυκήνας,
1020 2009 1123 2080 ούβέν
1146 2037 1179 2078 τι

216 2113 396 2201 προσήκειν
413 2114 455 2200 τή
474 2116 520 2200 μή
538 2115 609 2180 τῶν
623 2111 761 2201 Ἰβήρων
776 2111 948 2192 Ἑκαταῖος
967 2111 986 2180 6
1000 2113 1177 2198 λογοποιὸς

181 2229 197 2276 ι
216 2215 313 2298 λέγει·
332 2211 415 2282 οὐδὲ
433 2213 489 2282 έτιλ
506 2212 613 2298 νήσόν
631 2239 704 2282 τινα
718 2211 896 2301 Ἐρύθειαν
915 2211 977 2292 ἔξω
994 2218 1052 2301 τῆς
1069 2213 1174 2300 μεμά-
1189 2235 1216 2276 ιο

215 2321 275 2402 λης
291 2314 466 2402 θαλάσσης
485 2315 645 2400 σταλῆναι
658 2313 835 2403 Ἡρακλέα,
853 2313 940 2384 ἀλλά
957 2319 1016 2402 τής
1032 2313 1176 2403 ήτιείρου

207 2417 273 2501 ’τῆς
304 2417 382 2504 τερλ
408 2413 615 2503 Ἀμβρακίαν
644 2441 680 2482 τε
709 2417 767 2484 καλ
791 2415 1014 2508 Ἀμφιλόχους
1038 2416 1176 2504 βασιλέα

215 2517 375 2601 γενέσθαι
388 2515 567 2603 Γηρυόνην
584 2517 642 2594 καί
659 2519 718 2602 τῆς
737 2519 774 2586 έκ
790 2516 934 2605 ήτιείρου
948 2517 1071 2605 ταύτης
1090 2516 1176 2585 άιιε-

215 2615 315 2685 λάσαι
325 2615 490 2706 Ἡρακλέα
501 2616 561 2696 τάς
575 2619 673 2704 βοῦς,
687 2615 770 2686 ου’ὃέ
782 2621 906 2690 τοῦτον
919 2620 1054 2706 φαύλου
1068 2609 1177 2688 ἆθλον

180 2718 399 2805 οτιθέμενον.
440 2716 518 2786 olea
541 2717 579 2788 δὲ
604 2717 751 2804 έμάκαλ
775 2725 824 2798 είς
847 2721 949 2788 τοῦτο
968 2725 1016 2788 ἔτι
1033 2717 1175 2812 εύβοτρν
1188 2739 1216 2782 τε

214 2818 276 2906 τήν
293 2817 430 2908 ήκειρον
443 2819 571 2907 ταύτην
588 2821 646 2892 καὶ
664 2824 749 2907 βοῦς
766 2821 960 2906 τρέφουσαν
978 2826 1175 2898 καλλίστας·

215 2921 273 2988 καὶ
298 2922 332 2999 ές
356 2919 540 3009 Εὐρυσθέα
558 2923 629 2990 τάν
653 2920 715 3008 μὲν
734 2921 768 3000 ἐξ
788 2919 948 3010 Ἠπείρου
966 2923 1058 3007 βοῶν
1081 2921 1178 3000 κλέος

215 3018 360 3106 ἀφῖχθαι
372 3023 430 3090 καλ
443 3025 505 3106 τοῦ
520 3024 682 3110 βασιλέως
695 3023 754 3108 τής
768 3019 929 3109 Ἠπείρου
942 3022 980 3092 τὸ
996 3019 1103 3109 ὄνομα
1116 3021 1178 3090 τὸν

215 3121 394 3210 Γηρυόνην
421 3121 485 3191 ούκ
521 3123 583 3202 ἔξω
616 3125 677 3190 τοῦ
706 3122 835 3203 εἰκότος
861 3130 1004 3211 τίθεμαι·
1044 3126 1114 3192 τῶν
1139 3121 1178 3192 δὲ

212 3221 366 3308 ἐσχάτοιν
378 3227 438 3310 τῆς
454 3221 626 3312 Εύράισης
641 3221 779 3313 Ἰβήρων
793 3222 860 3294 οὔτ’
877 3221 920 3294 άν
934 3228 995 3296 τοῦ
1014 3226 1178 3313 βασιλέως
1190 3247 1217 3288 ω

212 3323 252 3392 τὸ
271 3321 379 3412 ὄνομα
402 3325 580 3410 μινάσκειν
599 3321 802 3412 Εὐρυσθέα,
829 3324 907 3394 οὔτε
925 3333 957 3396 εί
973 3328 1059 3414 βοῦς
1077 3325 1178 3394 καλαὶ
1289 3401 1290 3404 ¹

215 3426 253 3494 ἐν
279 3427 321 3513 τῇ
349 3425 442 3516 χάρη
467 3425 576 3514 ταύτῃ
602 3427 780 3514 νέμονται,
806 3434 839 3496 εί
862 3427 908 3514 μή
924 3453 973 3506 τις
990 3428 1053 3514 τήν
1066 3423 1179 3516 Ἥραν
