2546 3920
453 145 638 198 εαιυλειε
656 149 687 212 τ,
706 147 746 199 ιι.
1013 143 1078 209 305

111 297 209 368 αὐτοὶ
227 296 258 368 δ’
280 299 388 390 ἐβόων
414 300 479 391 πρό
508 307 576 370 τῶν
595 307 717 391 θυρῶν
736 301 906 391 ἑστηκότες
925 301 1078 391 δεόμενοι

112 397 296 486 παρελθεῖν
322 411 417 470 είσω·
457 401 537 482 τούς
563 431 599 472 τε
624 409 755 484 αἰτίους
781 409 840 490 τῆς
868 407 904 472 ἐν
930 409 978 494 τῷ
1004 402 1078 472 τότε

111 505 257 591 ταραχῆς
283 501 340 569 καὶ
357 498 437 583 τούς
455 501 621 590 ἄρξαντας
638 510 697 591 τῆς
714 508 795 592 βοῆς
814 473 982 576 ἐκδιδόναι
999 504 1078 572 έθέ·

113 608 200 669 λειν·
251 599 380 672 ούκουν
415 601 711 692 ἀπαλλαγήσεσθαι
745 609 814 675 τῶν
845 606 967 694 θυρῶν
1000 603 1079 672 οὕτε

71 729 85 768 ε
113 696 239 789 ἡμέρας
265 701 345 772 οὔτε
371 703 547 790 νυκτός,ε
532 712 564 775 l
588 733 633 794 μη
659 733 733 774 τινα
759 703 873 778 οἶκτον
899 726 997 792 σφων
1016 707 1080 784 ἔξει

111 797 337 892 Ἀλέξανδρος

178 908 310 972 Ταῦτα
343 932 389 984 ως
422 903 651 994 ἀπηγγέλλετο
677 903 790 998 αύτῷ,
826 903 844 974 ό
878 905 915 975 δε
943 907 1113 993 σπουδῆο

115 1004 296 1092 ἐξέρχεται,
323 1005 380 1074 καὶ
407 1006 494 1076 ἰδών
519 1033 555 1076 τε
579 1011 742 1087 ταπεινῶς
769 1007 998 1092 διακειμένους
1023 1008 1081 1074 καὶ

115 1102 263 1184 ιἰκούσας
282 1103 349 1176 σύν
367 1111 497 1198 οίμωγῆ
510 1113 579 1178 ταῖν
593 1113 728 1178 πολλῶν
741 1105 901 1196 βοόντων
915 1108 972 1174 καὶ
986 1105 1081 1197 αὐτῷ

75 1230 103 1270 ιο
117 1219 292 1336 προχεῖται
318 1206 459 1294 δάκρυα.
502 1209 559 1278 καὶ
586 1207 686 1297 ὁμὲν
703 1205 845 1294 ἀνήγετο
865 1206 910 1286 ὥς
928 1233 958 1274 τι
977 1208 1080 1294 ἐρῶν·

116 1312 152 1376 οί
181 1305 220 1374 δὲ
253 1311 372 1395 ἔμενον
404 1311 635 1398 λιπαροῦντες.
686 1315 747 1378 καί
776 1335 824 1388 τις
857 1305 972 1376 αὐτῶν
997 1301 1080 1376 καθ’
1099 1313 1117 1362 θ

116 1403 249 1493 ῆλικίαν
275 1433 311 1476 τε
337 1409 394 1478 καὶ
423 1413 609 1496 ἱππαρχίαν
635 1413 694 1496 τῆς
713 1414 820 1480 ἵππου
839 1413 898 1494 τῆς
918 1409 1083 1495 εταιρικῆς

117 1505 181 1576 οὐκ
207 1505 357 1632 ἄφανῆς,
392 1507 609 1598 Καλλίνης”
590 1537 708 1598 ονομα,
738 1511 877 1578 τοιαῦτα
903 1505 1014 1576 εἶπεν
1055 1534 1082 1575 ω

116 1613 266 1695 βασιλεύ,
281 1635 321 1677 τα
337 1611 546 1680 λυπούντό’
529 1629 596 1680 εστι
605 1606 842 1688 Μακεδονας
823 1635 872 1677 οτι
882 1605 926 1678 σύ
939 1613 1084 1695 Περσων

77 1734 104 1774 15
117 1709 179 1796 μέν
192 1735 284 1788 τινας
298 1706 362 1798 ῆδη
373 1720 550 1799 πεποίησαι
561 1717 675 1804 σαυτῷ
685 1705 859 1798 συγγενεῖς
869 1710 925 1778 καλ
935 1711 1080 1778 καλούν-

118 1835 172 1877 ται
189 1811 331 1897 Πέρσαι,
346 1827 523 1898 συγγενεῖς
543 1811 764 1900 Ἀλεξάνδρου
791 1811 848 1878 καὶ
872 1814 1014 1897 φιλοῦσί
1029 1826 1083 1883 σε·

118 1909 332 1980 Μακεδόνων
351 1911 388 1981 δὲ
406 1911 503 1982 ούπω
520 1939 570 1992 τις
588 1914 744 1999 γέγευται
761 1909 885 1996 ταύτης
902 1915 962 1996 τῆς
979 1915 1084 1995 τιμῆς.

119 2015 206 2080 ἔνθα
223 2011 265 2099 δὴ
284 2009 468 2099 ύπολαβων
482 2011 711 2101 Ἀλέξανδρος,
729 2009 803 2080 ἄλλ’
828 2009 921 2138 ύμρῖς
937 2037 987 2098 γε,
1008 2016 1119 2098 ἔφηλ

119 2110 315 2199 ξύμπαντας
335 2115 469 2204 έμαυτςὸ
486 2120 622 2202 τίθεμαι
641 2113 820 2200 συγγενεῖς
837 2113 894 2180 καὶ
912 2111 951 2179 τό
965 2139 1002 2196 γε
1017 2110 1084 2179 α’πδ

79 2213 243 2282 τοιούτου
269 2213 360 2282 οὕτω
386 2215 526 2297 καλέσω.
565 2217 672 2283 ταῦτα
690 2213 828 2282 εἰπόντα
846 2211 1047 2300 προσελθων
1065 2203 1083 2279 ό

120 2321 290 2402 Καλλίνης
313 2342 349 2384 τε
367 2317 528 2402 ἐφίλησεν
544 2343 602 2384 και
620 2313 709 2394 ὅστις
727 2312 828 2394 ἄλλος
846 2315 984 2400 φιλῆσαι
1000 2311 1086 2398 ηθέ-

120 2421 208 2502 λησε.
253 2415 310 2483 καὶ
337 2414 426 2484 οὕτω
453 2415 494 2503 δῆ
523 2415 751 2502 ἀναλαβόντες
776 2412 817 2482 τό
836 2412 923 2482 ὅπλα
941 2412 1087 2499 βοῶντές

119 2539 155 2582 τε
181 2515 237 2582 καὶ
270 2523 494 2600 παιανίζοντες
526 2520 559 2597 ές
590 2517 629 2584 τὸ
664 2513 890 2604 στρατόπεδον
921 2511 1086 2602 ἀπῄεσαν.

118 2607 335 2704 Ἀλέξανδρος
354 2617 392 2685 δὲ
411 2619 466 2684 ἐπὶ
479 2618 609 2696 τούτοις
623 2623 753 2686 θυσίαν
767 2641 802 2684 τε
814 2616 894 2684 θύει
906 2629 977 2693 τοῖς
990 2626 1087 2692 θεοῖς
1105 2628 1122 2677 8

81 2739 108 2779 τε
123 2709 172 2794 οἷς
191 2713 284 2806 αύτῷ
302 2715 404 2803 νόμος
422 2718 480 2784 καὶ
496 2722 620 2804 θοίνην
634 2720 798 2803 δημοτελῆ
814 2718 960 2802 ἐποίησε,
978 2713 1088 2801 καθῆ-

121 2815 221 2902 μενός
238 2841 274 2883 τε
288 2813 393 2896 αύτός
410 2817 467 2886 καὶ
485 2817 623 2886 πόντων
640 2816 856 2903 καθημένων,
874 2811 960 2902 ἄμφ’
981 2813 1089 2882 αύτόν

38 2986 51 3004 ‚
121 2914 185 3002 μὲν
212 2912 437 3005 Μακεδόνων,
465 2919 501 2986 έν
526 2917 564 2986 δὲ
581 2923 628 3009 τῷ
647 2917 762 3004 ἐφεξῆς
781 2915 912 2984 τούτων
930 2919 1089 3002 Περσων,

27 3015 52 3068 '·
123 3016 180 3085 ἐπὶ
206 3021 245 3086 δὲ
262 3015 392 3098 τούτοις
415 3023 484 3100 τῶν
508 3017 622 3088 όίλλων
641 3019 752 3088 ἐθνῶν
771 3013 842 3086 ὅσοι
859 3014 932 3084 κατ’
951 3010 1090 3096 όξίωσιν

122 3115 243 3203 ἤτινα
269 3116 376 3205 όίλλην
403 3117 525 3208 όρετῆν
551 3117 825 3207 πρεσβευόμενοι,
850 3117 906 3185 καὶ
934 3114 999 3184 όπδ
1026 3121 1089 3185 τοῦ

81 3246 109 3286 ao
124 3214 233 3288 αότού
259 3225 425 3309 κρατῆρος
452 3218 607 3310 αύτόςτε
625 3220 681 3288 καὶ
699 3224 735 3288 οί
749 3214 835 3306 ἄμφ’
855 3216 963 3287 αύτὸν
981 3213 1090 3301 όιρυό-

122 3347 215 3407 μενοι
243 3325 407 3392 ἔσπενδον
433 3321 493 3400 uis
517 3320 622 3400 αύτόις
641 3320 803 3406 σπονδάς,
830 3320 1090 3409 καταρχομένων

123 3425 191 3488 τῶν
218 3449 254 3492 τε
267 3417 436 3510 Ἑλλήνων
452 3422 605 3510 μόντεων
623 3424 680 3491 καὶ
698 3426 767 3490 τεόν
786 3420 928 3507 Μόγων.
973 3416 1089 3506 εόχετο
1107 3433 1126 3481 9

173 3542 302 3583 Anum.
849 3535 883 3584 20
