2546 3920
398 162 583 216 mmm
601 166 627 229 τ,
645 166 685 216 15.
705 166 746 216 ιι.
994 164 1061 232 313

94 319 252 405 λέγουσιν
270 315 320 387 ὅτι
338 318 581 408 ἐπρέσβευσαν·
608 321 665 388 καὶ
686 319 869 413 ἐντυχόντα
886 334 961 403 ταῖς
974 348 1060 412 πρε·

95 425 220 508 σβείαις
234 417 456 509 Ἀλέξανδρον
481 419 570 508 ύπέρ
586 419 757 508 Ῥωμαίων
773 448 805 490 τι
821 425 879 508 τῆς
899 423 1062 512 ἐσομένης

95 522 130 600 ἐς
147 520 185 588 τό
206 525 316 589 ἔπειτα
334 521 510 608 δυνάμεως
526 521 791 608 μαντεύσασθαι,
808 522 869 590 τόν
882 547 917 592 τε
930 523 1061 610 κόσμον

94 624 164 690 τῶν
190 619 328 709 ἀνδρῶν
348 609 465 690 ίθόντα
491 623 548 690 καλ
565 621 603 690 τό
621 621 810 711 φιλόπονόν
832 649 867 691 τε
885 624 941 692 καὶ
962 627 1059 694 ἐλευ-

65 723 214 811 εθέριον
231 722 288 792 καὶ
305 723 381 811 περὶ
398 725 458 792 τοῦ
477 721 718 810 πολιτεύματος
736 721 803 811 ἅμα
821 723 1059 794 ὃιαπυνθανό··

93 849 208 910 μενον.
247 823 305 891 καὶ
329 826 429 892 τούτο
447 821 526 893 ούτε
544 821 589 903 ύς
607 823 743 911 ἀτρεκὲς
761 822 840 892 οὔτε
857 825 902 904 τίς
920 822 1059 894 ἀπιστον
1077 837 1097 889 σ

95 923 206 1011 πάντη
232 921 422 1011 ἀνέγραψα·
468 923 556 1010 πλην
582 950 620 1010 γε
647 925 689 1011 δὴ
715 921 792 992 οὕτε
816 951 865 1004 τις
889 923 1061 1013 Ῥωμαίων

94 1023 183 1110 ὑπὲρ
210 1025 269 1110 τῆς
295 1029 474 1112 πρεσβείας
496 1025 626 1116 ταύτης
654 1023 698 1104 τός
724 1022 815 1111 παρά
839 1023 1062 1114 Ἀλέξανδρον

97 1130 273 1212 σταλείσης
291 1123 426 1213 μνήμην
446 1125 623 1213 ἐποιήσατό
635 1152 722 1213 τινα,
740 1124 819 1195 ούτε
832 1130 903 1194 τάν
914 1125 1060 1196 τάἈλε-

50 1251 81 1292 10
97 1224 244 1314 ξάνθρον
276 1225 503 1314 γραψάντων,
538 1221 589 1306 οἷς
616 1246 679 1294 τισι
712 1228 842 1314 μᾶλλον
876 1228 941 1312 ε’γά
976 1228 1061 1314 ξυμ-

95 1327 251 1414 φέρομαι,
279 1333 486 1414 Πτολεμαῖος
512 1326 531 1394 ὁ
559 1325 677 1424 Λάγου
709 1329 767 1395 καὶ
790 1325 1064 1414 Ἀριστόβουλος·

97 1425 179 1495 οὐδὲ
206 1428 252 1518 τῷ
275 1420 445 1514 Ῥωμαίων
472 1425 686 1514 πολιτεύματι
714 1427 861 1507 ἐπεοικὸς
875 1421 939 1515 ἦν,
966 1430 1065 1498 ε’λευ-

96 1529 189 1618 θέρη)
217 1525 259 1613 δὴ
285 1527 360 1597 τότε
389 1530 422 1607 ἐς
448 1529 489 1596 τά
515 1527 657 1615 μάλιστα
684 1525 773 1615 όντι,
806 1527 897 1618 παρά
923 1530 1064 1617 βασιλέα

97 1624 309 1716 ἀλλόφυλον,
327 1627 436 1708 άλλως
454 1655 490 1699 τε,
507 1631 564 1697 καὶ
583 1632 617 1708 ἐς
630 1626 770 1698 τοσόνδε
783 1627 849 1698 ἀπό
863 1630 922 1717 τῆς
936 1635 1066 1709 οἰκείας
1149 1714 1152 1724 „

53 1753 83 1794 ιο
98 1733 314 1818 πρεσβεῦσαι,
340 1728 420 1797 ούτε
445 1729 555 1817 φόβου
584 1729 863 1815 ἐξαναγκάζοντος
890 1728 969 1798 ούτε
986 1726 1061 1798 κατ’

99 1833 219 1898 ἐλπίδα
237 1826 414 1917 ἀφελείας,
431 1835 518 1917 μίσει
541 1857 588 1916 τε,
617 1840 712 1918 είπερ
730 1831 821 1908 τινὰς
839 1827 974 1919 ἀλλους,
991 1833 1062 1899 ,τοῦ

96 1923 304 2020 τυραννικοῦ
330 1931 453 2017 γένους
477 1932 592 1998 τεκαὶ
619 1928 783 2018 ὀνόματος
808 1931 1062 2018 κατεχομένους.

51 2116 53 2121 ,
170 2029 225 2100 Ἐκ
234 2031 358 2100 τούτου
374 2028 417 2118 δὴ
429 2027 650 2119 Ἡρακλείδην
664 2029 890 2120 τὸνἈργαίου
907 2031 1063 2118 ἐκπέμπει
1075 2039 1118 2105 16

100 2133 135 2210 ἐς
159 2128 339 2219 Ὑρκανίαν
366 2131 564 2219 ναυπηγούς
587 2128 656 2221 ἀμα
681 2127 715 2201 οἷ
738 2129 877 2221 ἀγοντα,
902 2132 1064 2212 κελεύσας

55 2258 84 2298 σο
100 2229 189 2319 ύλην
215 2233 356 2320 τεμόντα
384 2235 421 2300 ἐκ
446 2235 515 2300 τῶν
533 2231 624 2322 ὀρῶν
641 2237 712 2301 τόν
726 2232 911 2323 Ὑρκανίαν
928 2260 1065 2320 ναυπη-

99 2343 236 2419 γεῖσθαι
262 2338 354 2418 ,ναός
388 2331 518 2422 μακράς
544 2333 739 2423 ἀφράκτους
764 2360 800 2402 τε
825 2335 882 2402 καί
908 2358 1065 2423 πεφραγ·
1101 2372 1125 2388 ·-

99 2435 202 2522 μένας
233 2435 266 2512 ἐς
292 2431 352 2503 τόν
378 2435 506 2521 κόσμον
537 2436 596 2503 τὸν
620 2434 821 2523 Ἑλληνικόν.
865 2433 973 2514 πόθος
999 2435 1102 2524 γάρς

101 2533 191 2620 εἶχεν
208 2531 313 2602 αύτόν
330 2534 388 2601 καὶ
405 2535 532 2622 ταύτην
550 2537 713 2623 ἐκμαθεῖν
730 2536 792 2622 τὴν
804 2534 984 2604 θάλασσαν
1002 2533 1071 2622 τήν-

102 2639 261 2702 Κασπίαν
292 2659 327 2702 τε
359 2634 416 2702 καὶ
440 2633 618 2723 Ὑρκανίαν
650 2638 859 2722 καλουμένην
891 2643 973 2726 ποίᾳ
998 2637 1065 2703 τινὶ

59 2758 87 2798 τε
102 2733 283 2822 ξυμβάλλει
315 2732 492 2822 θαλάσση,
525 2734 647 2822 πότερα
679 2739 722 2822 τῇ
755 2739 815 2804 τοῦ
849 2735 976 2804 πόντου
1003 2739 1068 2803 τού

102 2829 271 2916 Εύξείνου
298 2828 319 2921 ἣ
345 2830 412 2902 ἀπὸ
431 2839 489 2922 τῆς
510 2833 595 2926 έςόας
613 2838 673 2921 τῆς
693 2832 766 2902 κατ’
784 2829 914 2914 Ἰνδούς
927 2836 1066 2924 ’έκπερι-
1101 2859 1104 2864 ·

100 2935 263 3024 ερχομένη
288 2933 309 3023 ἦ
335 2933 462 3023 μεγάλη
488 2935 644 3004 θάλασσα
667 2931 840 3020 ἀναχεῖται
866 2940 913 3015 είς
938 2931 1068 3004 κόλπον

22 3094 27 3102 ,
101 3035 162 3105 τόν
175 3034 361 3125 Ὑρκάνιον,
377 3035 531 3126 καθάπερ
544 3027 608 3104 οὖν
623 3037 679 3104 καὶ
689 3033 750 3104 τόν
760 3036 929 3124 Περσικόν
940 3037 1069 3127 ἐξεῦρε,

100 3136 163 3224 τὴν
180 3136 333 3226 ἐρυθρὰν
342 3137 384 3224 δὴ
401 3137 612 3226 καλουμένην
620 3136 812 3225 θάλασσαν,
822 3136 948 3206 κόλπον
957 3129 1066 3207 οὖσαν

60 3238 158 3326 εοτης
184 3231 330 3326 μεγάλης
355 3237 540 3326 θαλάσσης.
589 3236 630 3306 ού
656 3237 721 3326 γάρ
747 3264 800 3307 πω
828 3237 1003 3328 ἐξεύρηντο
1030 3243 1069 3315 ac
1083 3256 1102 3306 3

102 3349 202 3438 ἀρχαί
229 3354 286 3436 τῆς
305 3359 462 3432 Κασπίας
487 3349 683 3440 θαλάσσης,
711 3360 819 3422 καίτοι
844 3357 957 3424 ἐθνῶν
984 3355 1068 3424 ταύ-

102 3476 142 3538 τη
170 3451 356 3522 οἰκούντων
384 3450 447 3522 ούκ
479 3448 697 3538 όλίγωνκαὶ
724 3459 883 3544 ποταμῶν
915 3462 1071 3544 πλοίμαν
