2572 3920
222 159 263 241 1'4
576 170 828 234 ελεΞΑαΔΡον

221 321 399 407 ἐφαίνοντο
422 318 620 404 τεθνηκέναι
640 315 861 406 Ἀλέξανδρον
884 317 1121 408 ἰσχυριζόμενοι
1146 321 1184 389 έν
1277 381 1278 384 ,

186 416 408 507 3Ἰλλυριοῐς·
442 418 498 486 καὶ
526 416 592 507 γάρ
616 417 673 486 καὶ
699 417 803 498 πολάς
828 415 846 486 ό
873 418 970 506 λόγος
998 412 1096 500 οὗτος
1126 421 1184 488 καὶ

219 519 310 610 παρά
328 525 461 588 πολλῶν
480 521 607 606 ἐφοίτα,
627 518 676 587 ότι
688 545 723 588 τε
740 519 865 607 χρόνον
878 517 968 607 ἀπῆν
982 518 1045 589 οόκ
1064 519 1183 608 ὀλίγον

219 623 276 690 καὶ
295 619 346 690 ότι
362 617 503 707 οὐδεμία
521 617 661 707 ἀγγελία
684 617 766 710 παρ’
787 618 895 689 αότοῦ
919 616 1058 709 ἀφῖκτο,
1085 621 1181 709 ὥστε,

219 722 303 812 ὅπερ
321 731 416 810 φιλεῖ
431 723 468 790 έν
485 735 556 802 τοῖς
573 725 726 808 τοιοῖσδε,
745 718 786 790 οό
805 720 1024 808 γινώσκοντες
1041 721 1082 791 τά
1100 721 1182 792 όντα
1208 753 1222 794 ε

218 820 259 892 τά
278 823 420 912 μάλιστα
437 820 519 892 καθ’
540 817 669 909 ἡδονήν
687 843 800 910 σφισιν
819 831 959 907 εἴκαζον.
989 866 991 870 ν

180 935 202 1008 ι4
296 924 488 1014 Πυθομένῳ
502 923 540 992 δὲ
551 921 755 1016 ’Λλεξάνδρῳ
769 922 809 992 τά
823 929 892 993 τῶν
903 930 1061 1012 Θηβαίων
1074 923 1181 994 οόδα-

218 1030 288 1115 μοῖς
316 1024 423 1094 ἐδόκει
446 1021 609 1112 ἀμελητέα
637 1023 740 1110 εἶναι,
764 1024 825 1112 τήν
849 1053 885 1094 τε
908 1031 976 1094 τοῖν
991 1023 1182 1114 Ἀθηναίων

218 1125 317 1194 πόλιν
331 1122 374 1194 δι’
391 1123 541 1208 ὑποψίας
556 1127 592 1194 ἐκ
606 1131 733 1194 πολλοῦ
749 1131 858 1212 έχοντι
871 1127 927 1196 καὶ
940 1129 1008 1196 τοῖν
1024 1134 1181 1214 Θηβαίων

218 1225 255 1295 τό
273 1225 425 1314 τόλμημα
444 1223 484 1294 οὐ
503 1232 637 1314 φαῦλον
654 1227 854 1320 ποιουμένῳ,
874 1234 906 1296 εί
921 1227 1183 1316 Λακεδαιμόνιοί
1195 1258 1221 1298 ιο

217 1353 254 1395 τε
272 1327 373 1396 πάλαι
388 1325 453 1414 ἤδη
466 1341 538 1407 ταῖς
553 1324 702 1414 γνοίμαις
716 1325 938 1416 ἀφεστηκότες
951 1335 1011 1398 καί
1020 1356 1106 1410 τινες
1124 1330 1181 1398 καὶ

218 1426 311 1496 ἀλλοι
334 1433 402 1496 τῶν
427 1431 463 1496 έν
480 1427 730 1520 Πελοποννήσῳ
748 1429 805 1495 καὶ
824 1429 970 1498 Λίτωλοὶ
994 1427 1034 1498 οό
1053 1431 1181 1517 βέβαιοι
1277 1465 1278 1472 ¹

218 1527 313 1610 ὅντες
324 1525 608 1616 συνεπιλήψονται
619 1533 680 1596 τοῦ
692 1535 917 1618 νεωτερισμοῦ
930 1545 1000 1610 τοῖς
1011 1537 1178 1618 Θηβαίοις.

183 1641 200 1690 5
218 1627 310 1715 ἀγων
335 1628 376 1716 δη
404 1627 495 1717 παρά
519 1628 581 1716 τὴν
596 1627 772 1718 Ἐορδαίαν
794 1656 830 1698 τε
848 1631 904 1699 καὶ
921 1630 983 1719 την
996 1629 1179 1721 Ἐλιμιῶτιν

216 1729 273 1798 καὶ
300 1725 389 1816 παρά
414 1727 455 1798 τόι
479 1734 537 1816 τῆς
561 1723 762 1818 Στυμφαίας
787 1731 844 1798 καὶ
868 1739 1067 1820 Παραυαίας
1093 1730 1179 1821 ἀκρα
1194 1759 1218 1800 ιι

218 1832 393 1919 ἑβδομαῖος
423 1827 610 1918 ἀφικνεῖται
641 1833 674 1912 ές
700 1839 872 1902 Πελίνναν
901 1839 960 1921 τῆς
989 1841 1178 1914 Θετταλίας.

216 1937 319 2001 ἔνθεν
332 1931 370 2000 δὲ
388 1925 547 2020 ὁρμηθεὶς
562 1934 639 2022 ἕκτη
657 1926 764 2024 ἡμέρᾳ
779 1921 931 2018 έσβάλλετ
950 1936 981 2014 ἐς
995 1932 1056 2022 τὴν
1069 1945 1178 2005 Βοιω-

215 2039 303 2120 τίαν,
323 2031 408 2100 όόστε
426 2027 467 2100 οό
487 2031 640 2121 πρόσθεν
657 2038 692 2101 οί
708 2041 849 2120 Θηβαῖοι
867 2040 995 2122 ἔμαθον
1009 2046 1088 2106 είσω
1101 2045 1177 2106 Πυ-
1277 2089 1278 2126 ,

216 2139 287 2202 λῶν
300 2133 558 2222 παρεληλυθότα
571 2130 678 2202 αὐτόν
692 2135 774 2224 πρὶν
788 2137 825 2204 έν
837 2131 1007 2228 Ὀγχηστῷ
1021 2137 1180 2224 γενέσθαι
1277 2133 1278 2140 ¹

182 2246 197 2294 6
216 2233 279 2314 ξύν
296 2239 337 2323 τῇ
356 2239 494 2325 στρατιᾷ
511 2233 611 2324 πάση.
642 2235 699 2302 καὶ
715 2235 789 2304 τότε
807 2235 845 2304 δὲ
863 2241 898 2306 οί
912 2237 1097 2326 πράξαντες
1115 2235 1178 2325 τὴν
1191 2267 1216 2306 ιο

215 2331 403 2404 ἀπόστασιν
433 2334 621 2425 στράτευμα
653 2337 689 2404 ἐκ
715 2341 931 2418 Μακεδονίας
959 2336 1177 2428 Ἀντιπάτρου
1277 2391 1278 2416 ,

215 2433 359 2524 ἀφῖχθαι
385 2441 550 2525 ἔφασκον,
578 2435 684 2506 αὐτόν
712 2437 750 2506 δὲ
772 2435 991 2526 Ἀλέξανδρον
1016 2439 1179 2508 τεθνάναι

215 2541 465 2626 διισχυρίζοντο,
484 2536 540 2604 καὶ
557 2551 626 2618 τοῖς
643 2534 912 2624 ἀπαγγέλλουσιν
925 2539 977 2608 ότι
994 2533 1094 2620 οὖτος
1112 2539 1177 2608 αό-

214 2637 272 2718 τός
287 2637 448 2726 προσάγει
457 2635 675 2728 Ἀλέξανδρος
689 2642 840 2726 χαλεπῶς
855 2639 962 2728 εἶχον·
990 2639 1094 2710 ἀλλον
1111 2640 1176 2730 γάρ
1277 2639 1278 2642 “

214 2764 287 2806 τινα
304 2737 399 2826 ἥκειν
414 2733 637 2829 Ἀλέξανδρον
654 2737 713 2808 τόν
727 2737 899 2830 Ἀερόπου.
1190 2768 1216 2810 25
1277 2733 1278 2742 ό

180 2850 197 2901 '1
287 2833 323 2909 ‘O
341 2839 379 2908 δὲ
392 2836 607 2930 Ἀλέξανδρος
622 2843 654 2920 ἐξ
666 2836 847 2928 Ὀγχηστοῦ
863 2839 946 2931 ἀρας
959 2843 1002 2932 τῇ
1013 2835 1177 2936 ὑστεραίᾳ

215 2943 362 3030 προσῆγε
385 2939 469 3030 πρός
492 2939 556 3028 την
580 2940 677 3009 πόλιν
699 2946 767 3010 τῶν
787 2948 943 3029 Θηβαίαν
961 2941 1044 3012 κατά
1063 2942 1099 3013 τό
1117 2950 1177 3014 τοῦ

170 3108 182 3116 ,
212 3038 339 3110 Ἰολάου
358 3043 508 3129 τέμενος·
541 3034 583 3110 οὗ
602 3040 643 3128 δη
666 3041 722 3110 καὶ
741 3045 1060 3133 ἐστρατοπέδευσεν,
1086 3048 1177 3115 ἐνδι-

215 3140 297 3222 δοῦς
321 3147 368 3210 ἔτι
389 3156 459 3221 τοῖς
485 3148 643 3228 Θηβαίοις
665 3143 798 3234 τριβήν,
823 3149 856 3213 εί
876 3145 1097 3235 μεταγνόντες
1123 3147 1177 3216 ἐπὶ

215 3257 284 3323 τοῖς
302 3245 412 3322 κακῶς
433 3243 653 3334 ἐγνωσμένοις
677 3245 939 3334 πρεσβεύσαιντο
958 3245 1039 3336 παρ’
1059 3245 1175 3316 αὐτόν.
1189 3273 1215 3314 ιο

181 3347 251 3412 8οί
275 3343 313 3412 δὲ
337 3343 500 3416 τοσούτου
528 3346 669 3432 ἐδέησαν
693 3345 869 3434 ἐνδόσιμόν
891 3375 922 3416 τι
935 3362 1120 3436 παρασχεῖν
1144 3350 1177 3428 ές

216 3443 393 3534 ξύμβασιν,
413 3445 497 3518 ὥστε
511 3448 683 3528 ἐκθέοντες
699 3449 804 3535 ἕκτης
823 3448 951 3529 πόλεως
970 3453 1005 3518 οἴ
1015 3475 1050 3516 τε
1064 3453 1176 3529 ἱππεῖς
