2620 3924
214 149 276 215 154
569 149 820 206 εεεαιααεον

212 312 248 378 οί
276 307 341 397 μὲν
373 307 601 394 ἐξεπλάγησαν
633 306 717 396 πρός
742 333 779 375 τε
804 312 873 375 τάν
898 312 1009 392 βελῶν
1035 305 1096 394 τὴν
1123 305 1180 376 διά
1297 352 1298 366 1

212 414 344 497 μακρού
371 406 494 495 ἄφεσιν
519 408 576 476 καί
601 405 653 476 ὅτι
677 401 766 496 άνὴρ
793 405 925 493 άγαθός
952 404 1070 487 αύτολς
1087 435 1180 477 τετε·

213 507 384 596 λεντήκει,
410 509 466 576 καὶ
490 505 608 595 ὀλίγον
635 505 852 596 ἀνεχώρησαν
878 504 944 576 άπά
972 513 1030 596 τῆς
1057 507 1179 596 ὄχθης·

179 605 426 699 δἈλέξανδρος
453 607 492 677 δὲ
516 609 782 697 τεταραγμένους
807 603 893 696 πρὸς
918 606 959 677 τά
985 609 1067 696 βέλη
1095 607 1181 677 ίδάν

212 708 281 779 ύπό
296 715 491 796 σαλπίγγων
507 709 609 797 ἐπέρα
622 709 682 777 τὸν
695 707 848 797 ποταμόν
861 705 964 788 αύτός
976 703 1180 798 ἡγούμενος·
1196 738 1211 780 ε

213 815 325 880 εἵπετο
351 810 390 879 δέ
416 804 509 902 αύτῷ
535 810 592 877 καὶ
618 802 639 896 ἡ
666 807 750 897 άλλη
777 808 923 898 στρατιά.
967 809 1181 898 πρῶτονμὲν
1299 809 1300 872 ί

214 910 257 999 δὴ
282 909 364 992 τούς
381 910 515 993 τοξότας
532 910 590 978 καὶ
615 909 695 990 τούς
721 909 949 997 σφενδονήτας
972 908 1181 998 ἀποβιβάσας

214 1017 408 1101 σφενδονᾶν
445 1037 481 1080 τε
519 1010 576 1079 καὶ
609 1009 792 1090 ἐκτοξεύειν
826 1012 1003 1080 ἐκέλευσεν
1035 1014 1069 1091 ἐς
1102 1009 1181 1091 τούς
1300 1040 1301 1080 ι

215 1111 369 1199 Σκύθας,
401 1111 447 1194 οἱς
472 1109 518 1200 μὴ
543 1109 694 1194 πελάζειν
720 1108 846 1190 αύτούς
871 1116 913 1200 τῇ
939 1113 1088 1200 φάλαγγι
1112 1113 1182 1181 τοῖν

214 1215 320 1296 πεζῶν
346 1212 560 1302 ἐκβαινούσῃ,
587 1211 668 1300 πρὶν
691 1210 754 1299 τὴν
781 1215 885 1282 ἵππον
912 1209 1008 1305 αὐτῷι
1025 1217 1181 1300 διαβῆναι
1195 1241 1223 1284 10

178 1319 335 1383 σπάσαν.
395 1311 441 1394 ὦς
484 1313 522 1382 δὲ
562 1307 684 1400 άθρόοι
723 1312 779 1380 ἐπὶ
812 1318 854 1402 τῇ
880 1311 967 1402 ὄχθη
1007 1312 1180 1399 ἐγένοντο,

215 1417 339 1501 ἐφῆκεν
375 1415 431 1483 ἐπὶ
460 1415 542 1492 τούς
576 1412 720 1493 Σκύθας
754 1411 791 1481 τύ
829 1412 892 1501 μὲν
926 1418 1061 1502 πρύτον
1099 1420 1181 1501 μίαν

214 1519 400 1603 ἱππαρχίαν
424 1520 493 1610 τῶν
526 1513 631 1594 ξένων
662 1514 720 1582 καὶ
750 1515 820 1581 τῶν
845 1514 1081 1602 σαρισοφάρον
1107 1522 1181 1594 ἴλας

212 1616 392 1701 τέσσαρας·
437 1614 494 1683 καὶ
525 1612 665 1692 τούτους
691 1613 865 1702 δεξάμενοι
896 1618 933 1682 οί
956 1612 1093 1684 Σκύθαι
1123 1614 1181 1682 καὶ

215 1718 249 1794 ἐς
291 1715 438 1795 κύκλους
481 1713 758 1801 περιϊππεύοντες
802 1713 946 1800 ἔβαλλόν
988 1741 1024 1784 τι
1062 1715 1181 1784 πολλοὶ
1195 1745 1222 1786 ιε

213 1813 363 1902 ὀλίγους,
389 1813 486 1884 αύτοὶ
510 1813 548 1883 δὲ
573 1809 615 1882 ού
633 1818 785 1900 χαλεπῶς
811 1813 1050 1902 διεφύγγανον.
1086 1812 1181 1886 Ἀλέ-

214 1918 356 2004 ξανδρος
389 1915 428 1986 δὲ
460 1914 539 1996 τούς
570 1939 607 1982 τε
637 1913 772 1994 τοξότας
804 1915 861 1982 καὶ
891 1914 972 1995 τούς
1002 1909 1179 2003 Ἀγριᾶνας

214 2016 271 2084 καὶ
305 2014 387 2096 τούς
427 2015 552 2095 ἄλλους
588 2013 726 2101 ψιλούς,
767 2007 817 2084 άν
851 2015 1026 2105 Βάλακρος
1064 2009 1181 2106 ἦρχεν,

214 2113 378 2203 ἀναμίξας
404 2132 473 2196 τοῖς
501 2119 661 2184 ίππεύσιν
688 2117 810 2201 ἐπῆγεν
837 2116 892 2184 ἐπὶ
918 2117 997 2198 τούς
1028 2117 1181 2198 Σκύθας.

180 2214 260 2296 σάς
295 2216 334 2285 δὲ
367 2214 452 2304 ὁμοῦ
485 2213 552 2315 ἤδη
584 2215 757 2302 ἐγένοντο,
791 2215 907 2285 ε’λάσαι
940 2218 1115 2288 ἐκέλευσεν
1146 2219 1222 2298 ἐςεο

214 2313 340 2397 αύτούς
365 2321 434 2385 ταῖν
460 2342 507 2396 τε,
522 2317 666 2405 ἑταίραν
691 2330 780 2405 τρεῖς
811 2321 994 2406 ἱππαρχίας
1019 2318 1077 2387 καὶ
1101 2316 1182 2398 τούς

216 2414 474 2497 ἱππακοντιστάς
491 2415 702 2504 ξύμπαντας·
734 2416 791 2486 καὶ
808 2415 909 2498 αύτδς
927 2417 966 2488 δέ
981 2419 1043 2507 τὴν
1061 2417 1181 2505 λοιπὴν

214 2525 320 2588 ἵππον
347 2517 441 2604 άγων
468 2522 603 2607 σπουδῇ
630 2519 809 2603 ἐνέβαλλεν
834 2515 968 2614 ὀρθίαις
992 2531 1066 2599 ταῖς
1084 2527 1180 2599 ίλαις.

213 2617 343 2688 ούκουν
370 2625 416 2688 ἐτι
442 2614 570 2688 οἷοίτε
594 2611 682 2706 ἦσαν
708 2619 888 2697 ἐξελίσσειν
918 2618 980 2706 τὴν
1014 2623 1182 2689 ίππασίαν

216 2722 249 2800 ἐς
281 2719 445 2806 κύκλους,
481 2716 526 2800 άς
558 2717 712 2810 πρόσθεν
745 2724 807 2787 ἐτι·
851 2715 938 2806 ὁμοῦ
970 2719 1034 2808 μὲν
1065 2718 1132 2808 γάρ
1158 2718 1222 2806 ἡεε

216 2825 319 2900 ἵππος
353 2820 547 2909 προσέκειτο
579 2817 695 2899 αὐτοῖς
702 2871 713 2906 ,
740 2816 826 2908 ὁμού
853 2819 892 2889 δὲ
917 2824 954 2890 οί
977 2821 1076 2902 ψιλοὶ·
1095 2819 1182 2890 άνα-

214 2921 408 3008 μεμιγμένοι
433 2934 503 3000 τοῖς
531 2925 669 2990 ίππεύσι
695 2915 759 2987 ούκ
785 2929 866 2990 stow
890 2918 952 3001 τάς
979 2919 1183 3010 ἐπιστροφάς

215 3019 378 3108 άσφαλείς
404 3031 583 3090 ποιείσθαι.
627 3025 713 3088 ἔνθα
739 3019 876 3110 λαμπρά
900 3019 967 3108 ἤδη
992 3020 1087 3110 φυγὴ
1113 3025 1183 3090 τῶν

181 3118 370 3190 εΣκυθύν
396 3113 455 3206 ἦν
498 3121 554 3188 καὶ
581 3126 740 3189 πίπτουσι
765 3121 829 3208 μὲν
854 3117 969 3191 αύτύν
997 3125 1030 3203 ἐς
1055 3128 1183 3212 χιλίους

213 3223 270 3289 καὶ
297 3215 345 3300 εἷς
369 3225 438 3289 τῶν
463 3217 656 3308 ἡγεμόνων,
685 3221 875 3310 Σατράκης,
903 3220 1056 3292 ἑάλωσαν
1082 3223 1121 3292 δὲ
1147 3223 1182 3303 ἐς
1195 3249 1222 3291 ιο

215 3319 334 3391 ἑκατὸν
365 3322 421 3388 καὶ
453 3319 667 3409 πεντήκοντα.
726 3315 771 3402 άς
811 3321 849 3390 δέ
886 3317 908 3409 ἡ
944 3325 1056 3405 δίωξις
1088 3319 1183 3404 ὀξεῖά

213 3449 248 3491 τε
273 3423 330 3490 καὶ
357 3418 413 3491 διά
440 3420 609 3512 καύματος
633 3426 763 3492 πολλού
781 3420 1000 3511 ταλαιπάρως
1019 3427 1182 3512 ἐγίγνετο,
