2572 3920
178 142 219 210 τε
535 140 787 201 mmmmm

177 291 254 370 γίας
272 286 316 371 μὴ
335 285 516 371 λειφθῆναι
532 284 590 351 καὶ
608 283 670 368 τὴν
689 281 792 360 δόξαν
809 283 868 368 τῆς
887 281 1074 371 φάλαγγος,
1095 283 1144 364 ῦς
1276 353 1277 376 ,

178 383 310 472 άμάχου
336 385 378 470 δὴ
399 387 432 464 ές
450 383 487 452 τδ
506 382 580 452 τότε
598 383 876 470 διαβεβοημένης,
902 382 947 470 μὴ
966 382 1139 470 ἀφανίσαι.
1277 400 1278 482 η

144 493 238 554 λκαί
267 512 298 552 τι
328 487 386 554 καὶ
416 500 488 564 τοῖς
517 483 627 570 γένεσι
655 487 703 573 τῷ
732 510 768 552 τε
796 481 976 573 Ἑλληνικῷ
1006 486 1063 553 καὶ
1092 490 1141 575 τῷ
1277 489 1278 508 ’

178 589 405 676 Μακεδονικῷ
430 591 619 672 φιλοτιμίας
645 585 801 654 ἐνέπεσεν
820 586 854 662 ἐς
872 583 1048 671 ἀλλήλους.
1083 588 1142 653 καὶ

178 689 330 756 ἐνταῦθα
354 693 467 755 πίπτει
492 684 702 772 Πτολεμαῖός
728 712 763 752 τε
786 685 804 753 ὁ
831 685 1023 772 Σελεύκου,
1054 684 1141 774 ἀνὴρ
1168 713 1191 754 ⁵

177 785 308 873 άγαθός
331 786 532 874 γενόμενος,
557 786 615 854 καὶ
638 783 734 854 άλλοι
753 789 786 865 ἐς
804 795 908 854 είκοσι
923 786 1066 874 μάλιστα
1083 789 1141 855 καὶ

180 887 300 958 ἑκατόν
317 890 387 955 τῶν
405 885 467 955 οῦκ
485 885 702 973 ἠμελημένων
720 886 942 955 Μακεδόνων.

71 991 73 995 ’
129 996 167 1058 11
251 987 307 1080 Ἐν
329 987 441 1080 τούτῳ
465 986 504 1056 δέ
529 992 568 1056 αί
588 985 655 1056 άπὸ
679 990 741 1056 τοῦ
769 987 879 1066 δεξιοῦ
898 988 1004 1075 κέρως
1021 986 1141 1075 τάξεις,

177 1089 425 1177 τετραμμένους
458 1085 523 1176 ἤδη
551 1087 633 1167 τοῦς
665 1087 749 1156 κατά
779 1091 868 1174 σφᾶς
896 1091 966 1156 τῶν
997 1091 1141 1177 Περσῶν

178 1187 337 1278 ὁρῶντες,
356 1191 411 1258 ἐπὶ
428 1188 510 1268 τοῦς
528 1190 646 1268 ξένους
663 1215 698 1256 τε
711 1187 792 1267 τοῦς
809 1188 1044 1277 μισθοφόρους
1057 1189 1140 1267 τοῦς
1156 1193 1186 1257 ιο

178 1297 329 1379 Δαρείου
343 1291 400 1358 καὶ
414 1291 452 1358 τό
467 1289 679 1376 πονούμενον
693 1292 790 1376 σφῦν
805 1289 1053 1376 ἐπικάμψαντες
1071 1287 1141 1357 άπό

177 1417 214 1460 τε
240 1393 302 1458 τοῦ
334 1393 487 1478 ποταμοῦ
518 1387 697 1459 άπάσαντο
726 1387 873 1477 αύτούς,
906 1391 964 1458 καὶ
990 1391 1073 1458 κατὰ
1100 1389 1139 1458 τό

178 1491 395 1582 παρερρωγὸς
419 1492 481 1559 τοῦ
507 1493 675 1578 Περσικοῦ
704 1489 952 1578 στρατεύματος
980 1491 1139 1580 ῦπερφα-

177 1592 404 1679 λαγγήσαντες
419 1594 453 1670 ἐς
466 1590 506 1658 τὰ
521 1590 645 1675 πλάγια
661 1591 898 1680 ἐμβεβληκότες
915 1589 979 1679 ἤδη
998 1597 1140 1661 έκοπτον

143 1703 160 1752 2
177 1691 258 1770 τοῦς
275 1691 403 1772 ξένους·
438 1693 496 1762 καί
514 1696 551 1759 οί
568 1696 680 1770 ἱππεῖς
699 1691 737 1760 δέ
755 1697 791 1762 οί
804 1694 874 1760 τῦν
893 1697 1036 1781 Περσῶν
1054 1693 1137 1761 κατά
1153 1720 1182 1762 ιε

176 1792 258 1871 τοῦς
284 1793 473 1872 Θετταλούς
496 1793 690 1879 τεταγμένοι
712 1791 776 1860 οίκ
802 1798 935 1880 ἔμειναν
960 1793 1054 1873 ἐντός
1076 1797 1138 1862 τοῦ

177 1897 330 1980 ποταμοῦ
350 1896 388 1962 έν
405 1892 498 1985 αύτῷ
516 1895 563 1984 τῷ
579 1898 680 1984 ἔργω,
698 1891 767 1960 ἀλλ’
786 1893 1015 1982 ἐπιδιαβάντες
1029 1892 1139 1983 εῦρά-

177 2013 264 2073 στως
289 1995 470 2081 ἐνέβαλλον
494 1999 544 2072 είς
566 1992 626 2073 τάς
652 2001 726 2072 ίλας
751 1997 820 2062 τῦν
846 1997 1033 2064 Θετταλῶν.
1082 1997 1140 2064 καὶ

176 2094 284 2182 ταύτη
309 2092 451 2183 ξυνέστη
479 2097 666 2180 ἱππομαχία
690 2093 850 2182 καρτερά·
883 2093 964 2164 ούδὲ
987 2094 1140 2184 πρόσθεν

177 2195 351 2263 ἐνέκλιναν
383 2197 418 2262 οί
441 2193 569 2283 Πέρσαι
598 2195 680 2281 πρὶν
706 2195 857 2284 Δαρεῖόν
886 2221 922 2264 τε
945 2195 1139 2283 πεφευγότα
1151 2223 1182 2264 εο

176 2292 326 2382 ᾔσθοντο
350 2296 408 2362 καὶ
430 2294 513 2383 πρὶν
537 2292 769 2383 ἀπορραγῆναι
793 2299 891 2382 σφῦν
917 2296 999 2376 τοῦς
1016 2308 1139 2384 μισθο-

142 2394 306 2485 ιφόρους
335 2395 567 2481 συγκοπέντας
596 2395 666 2464 ύπὸ
689 2400 748 2483 τῆς
773 2397 957 2484 φάλαγγος.
1001 2399 1077 2467 τότε
1100 2398 1140 2468 δὲ
1209 2427 1218 2442 ·

181 2493 244 2584 ἤδη
269 2496 406 2585 λαμπρά
429 2521 464 2564 τε
488 2497 545 2564 καὶ
571 2498 607 2565 ἐκ
634 2495 771 2566 πάντων
802 2496 823 2584 ἡ
848 2499 943 2586 φυγὴ
970 2501 1137 2584 ἐγίγνετο·

176 2598 234 2664 καὶ
252 2601 337 2664 οἵτε
354 2599 425 2664 τῦν
439 2600 583 2685 Περσῦν
602 2601 699 2666 ἵπποι
717 2601 754 2666 ἐν
771 2601 813 2686 τῇ
833 2595 1041 2686 ἀναχωρήσει
1058 2602 1138 2668 ἐκα-

175 2697 368 2785 κοπάθουν,
385 2698 515 2786 βαρέως
526 2695 765 2786 ,άπλισμένους
779 2697 859 2776 τοῦς
873 2697 1025 2786 ἀμβάτας
1040 2702 1137 2787 σφῦν
1151 2723 1180 2765 τι

176 2797 356 2886 φέροντες,
381 2800 439 2866 καὶ
463 2797 563 2868 αὐτοὶ
589 2803 625 2866 οί
647 2803 760 2880 ίππείς
784 2798 869 2867 κατά
893 2800 1011 2879 στενός
1035 2799 1139 2880 ὁδούς

177 2898 299 2984 πλήθει
316 2925 351 2968 τε
369 2901 488 2968 πολλοὶ
506 2900 564 2966 καὶ
582 2899 824 2987 πεφοβημένως
838 2899 904 2968 σῦν
918 2898 1037 2990 άταξία
1051 2899 1140 2969 άπο·

176 3001 366 3088 χωροῦντες
396 2994 560 3085 οῦμείον
589 2996 646 3068 ύτί
672 2998 829 3086 άλλήλων
851 3001 1140 3089 καταπατούμενοι

175 3096 197 3185 ἣ
221 3099 306 3188 πρός
329 3102 398 3167 τῶν
423 3098 616 3166 διωκόντων
636 3107 806 3186 πολεμίων
830 3101 1045 3189 ἐβλάπτοντο.
1080 3103 1139 3171 καὶ

176 3205 213 3268 οί
236 3200 397 3268 Θετταλοί
427 3197 605 3287 εῦρύστως
633 3197 751 3278 αὐτοῖς
776 3201 962 3289 ἐπέκειντο,
989 3199 1073 3272 ῦστε
1096 3201 1178 3272 ούεο

175 3315 272 3389 μείου
297 3295 416 3386 ἢτῦν
439 3302 544 3383 πεζῦυ
562 3298 669 3386 φόνος
688 3303 725 3370 ἐν
743 3303 784 3390 τῇ
804 3305 900 3391 φυγῇ
919 3305 989 3371 τῦν
1009 3303 1139 3372 ίππέων

178 3405 339 3488 ἐγίγνετο.
