<?xml version="1.0" encoding="UTF-8"?>
<!DOCTYPE html PUBLIC "-//W3C//DTD XHTML 1.0 Transitional//EN"
    "http://www.w3.org/TR/xhtml1/DTD/xhtml1-transitional.dtd">
<html xmlns="http://www.w3.org/1999/xhtml" xml:lang="en" lang="en">
 <head>
  <title>
</title>
<meta http-equiv="Content-Type" content="text/html;charset=utf-8" />
  <meta name='ocr-system' content='tesseract 3.04.00' />
  <meta name='ocr-capabilities' content='ocr_page ocr_carea ocr_par ocr_line ocrx_word'/>
</head>
<body>
  <div class='ocr_page' id='page_1' title='image "./arrianianabasis01arrigoog_0089.png"; bbox 0 0 2572 3920; ppageno 0'>
   <div class='ocr_carea' id='block_1_1' title="bbox 210 177 833 247">
    <p class='ocr_par' dir='ltr' id='par_1_1' title="bbox 210 177 833 247">
     <span class='ocr_line' id='line_1_1' title="bbox 210 177 833 247; baseline 0 -11"><span class='ocrx_word' id='word_1_1' title='bbox 210 184 251 247; x_wconf 83' lang='lat'><strong><em>68</em></strong></span> <span class='ocrx_word' id='word_1_2' title='bbox 563 177 812 242; x_wconf 72' lang='grc' dir='ltr'><strong>ΔΛΕΞΔΝΔΡΟΤ</strong></span> <span class='ocrx_word' id='word_1_3' title='bbox 830 227 833 236; x_wconf 95' lang='grc'><strong><em>.</em></strong></span> 
     </span>
    </p>
   </div>
   <div class='ocr_carea' id='block_1_2' title="bbox 139 315 1222 1916">
    <p class='ocr_par' dir='ltr' id='par_1_2' title="bbox 180 315 1222 912">
     <span class='ocr_line' id='line_1_2' title="bbox 180 315 1176 411; baseline -0.004 -21"><span class='ocrx_word' id='word_1_4' title='bbox 180 342 195 390; x_wconf 81' lang='grc'><strong>6</strong></span> <span class='ocrx_word' id='word_1_5' title='bbox 213 319 292 392; x_wconf 87' lang='grc' dir='ltr'><strong><em>καθ’</em></strong></span> <span class='ocrx_word' id='word_1_6' title='bbox 312 317 458 411; x_wconf 77' lang='grc' dir='ltr'><em>ἡσυχίαν</em></span> <span class='ocrx_word' id='word_1_7' title='bbox 476 321 656 403; x_wconf 79' lang='grc' dir='ltr'><strong><em>συντάξειε.</em></strong></span> <span class='ocrx_word' id='word_1_8' title='bbox 683 321 739 390; x_wconf 82' lang='grc' dir='ltr'><strong><em>καὶ</em></strong></span> <span class='ocrx_word' id='word_1_9' title='bbox 758 317 912 410; x_wconf 76' lang='grc' dir='ltr'><strong><em>πρώτους</em></strong></span> <span class='ocrx_word' id='word_1_10' title='bbox 925 317 989 407; x_wconf 80' lang='grc' dir='ltr'><strong><em>μὲν</em></strong></span> <span class='ocrx_word' id='word_1_11' title='bbox 1002 323 1063 388; x_wconf 90' lang='grc' dir='ltr'><strong><em>τοῦ</em></strong></span> <span class='ocrx_word' id='word_1_12' title='bbox 1077 315 1176 387; x_wconf 85' lang='grc' dir='ltr'><strong><em>ὁπλι-</em></strong></span> 
     </span>
     <span class='ocr_line' id='line_1_3' title="bbox 212 417 1179 510; baseline -0.002 -18"><span class='ocrx_word' id='word_1_13' title='bbox 212 429 307 492; x_wconf 88' lang='grc' dir='ltr'><strong><em>τικοῦ</em></strong></span> <span class='ocrx_word' id='word_1_14' title='bbox 331 422 411 504; x_wconf 89' lang='grc' dir='ltr'><strong><em>τοῦς</em></strong></span> <span class='ocrx_word' id='word_1_15' title='bbox 432 422 596 510; x_wconf 83' lang='grc' dir='ltr'><strong><em>Ἕλληνας</em></strong></span> <span class='ocrx_word' id='word_1_16' title='bbox 624 419 704 501; x_wconf 86' lang='grc' dir='ltr'><strong><em>τοῦς</em></strong></span> <span class='ocrx_word' id='word_1_17' title='bbox 734 419 965 510; x_wconf 78' lang='grc' dir='ltr'><em>μισθοφόρους</em></span> <span class='ocrx_word' id='word_1_18' title='bbox 993 419 1109 499; x_wconf 78' lang='grc' dir='ltr'><strong><em>ἔταξεν</em></strong></span> <span class='ocrx_word' id='word_1_19' title='bbox 1140 417 1179 500; x_wconf 78' lang='grc' dir='ltr'><strong><em>ἒς</em></strong></span> 
     </span>
     <span class='ocr_line' id='line_1_4' title="bbox 212 518 1177 614; baseline -0.005 -21"><span class='ocrx_word' id='word_1_20' title='bbox 212 530 432 614; x_wconf 79' lang='grc' dir='ltr'><strong><em>τρισμυρίους</em></strong></span> <span class='ocrx_word' id='word_1_21' title='bbox 463 522 546 591; x_wconf 86' lang='grc' dir='ltr'><strong><em>κατά</em></strong></span> <span class='ocrx_word' id='word_1_22' title='bbox 578 521 642 610; x_wconf 90' lang='grc' dir='ltr'><strong><em>τήν</em></strong></span> <span class='ocrx_word' id='word_1_23' title='bbox 667 520 824 609; x_wconf 81' lang='grc' dir='ltr'><em>φάλαγγα</em></span> <span class='ocrx_word' id='word_1_24' title='bbox 850 527 919 590; x_wconf 83' lang='grc' dir='ltr'><strong><em>τῶν</em></strong></span> <span class='ocrx_word' id='word_1_25' title='bbox 944 518 1177 589; x_wconf 80' lang='grc' dir='ltr'><strong><em>Μακεδόνων·</em></strong></span> 
     </span>
     <span class='ocr_line' id='line_1_5' title="bbox 213 620 1181 710; baseline -0.005 -17"><span class='ocrx_word' id='word_1_26' title='bbox 213 620 270 693; x_wconf 81' lang='grc' dir='ltr'><strong><em>ε’πὶ</em></strong></span> <span class='ocrx_word' id='word_1_27' title='bbox 295 623 333 694; x_wconf 83' lang='grc' dir='ltr'><strong><em>δὲ</em></strong></span> <span class='ocrx_word' id='word_1_28' title='bbox 356 623 486 704; x_wconf 79' lang='grc' dir='ltr'><strong><em>τούτοις</em></strong></span> <span class='ocrx_word' id='word_1_29' title='bbox 513 628 583 692; x_wconf 85' lang='grc' dir='ltr'><strong><em>τῦν</em></strong></span> <span class='ocrx_word' id='word_1_30' title='bbox 605 621 796 710; x_wconf 89' lang='grc' dir='ltr'><strong><em>Καρδάκων</em></strong></span> <span class='ocrx_word' id='word_1_31' title='bbox 825 621 1042 708; x_wconf 80' lang='grc' dir='ltr'><strong><em>καλουμένων</em></strong></span> <span class='ocrx_word' id='word_1_32' title='bbox 1072 626 1181 688; x_wconf 76' lang='grc' dir='ltr'><strong><em>ἔνθεν</em></strong></span> 
     </span>
     <span class='ocr_line' id='line_1_6' title="bbox 213 713 1222 811; baseline -0.001 -17"><span class='ocrx_word' id='word_1_33' title='bbox 213 726 269 794; x_wconf 78' lang='grc' dir='ltr'><strong><em>καὶ</em></strong></span> <span class='ocrx_word' id='word_1_34' title='bbox 299 730 401 794; x_wconf 84' lang='grc' dir='ltr'><strong><em>ένθεν</em></strong></span> <span class='ocrx_word' id='word_1_35' title='bbox 428 721 461 804; x_wconf 76' lang='grc' dir='ltr'><strong><em>ἒς</em></strong></span> <span class='ocrx_word' id='word_1_36' title='bbox 486 724 753 811; x_wconf 78' lang='grc' dir='ltr'><strong><em>ἑξακισμυρίους·</em></strong></span> <span class='ocrx_word' id='word_1_37' title='bbox 793 719 926 790; x_wconf 79' lang='grc' dir='ltr'><strong><em>ὁπλῖται</em></strong></span> <span class='ocrx_word' id='word_1_38' title='bbox 949 719 986 790; x_wconf 84' lang='grc' dir='ltr'><strong><em>δὲ</em></strong></span> <span class='ocrx_word' id='word_1_39' title='bbox 1009 713 1096 809; x_wconf 78' lang='grc' dir='ltr'><strong><em>ἦσαν</em></strong></span> <span class='ocrx_word' id='word_1_40' title='bbox 1118 721 1180 788; x_wconf 81' lang='grc' dir='ltr'><strong><em>καὶ</em></strong></span> <span class='ocrx_word' id='word_1_41' title='bbox 1207 752 1222 793; x_wconf 79' lang='grc' dir='ltr'><strong><em>ε</em></strong></span> 
     </span>
     <span class='ocr_line' id='line_1_7' title="bbox 215 818 1180 912; baseline -0.006 -18"><span class='ocrx_word' id='word_1_42' title='bbox 215 820 317 894; x_wconf 87' lang='grc' dir='ltr'><strong><em>οῦτοι.</em></strong></span> <span class='ocrx_word' id='word_1_43' title='bbox 352 823 534 904; x_wconf 82' lang='grc' dir='ltr'><strong><em>τοσούτους</em></strong></span> <span class='ocrx_word' id='word_1_44' title='bbox 557 822 623 912; x_wconf 87' lang='grc' dir='ltr'><strong><em>γάρ</em></strong></span> <span class='ocrx_word' id='word_1_45' title='bbox 648 821 705 892; x_wconf 83' lang='grc' dir='ltr'><strong><em>ε’πδ</em></strong></span> <span class='ocrx_word' id='word_1_46' title='bbox 722 820 894 909; x_wconf 76' lang='grc' dir='ltr'><strong><em>φάλαγγος</em></strong></span> <span class='ocrx_word' id='word_1_47' title='bbox 912 819 1019 908; x_wconf 84' lang='grc' dir='ltr'><strong><em>άπλής</em></strong></span> <span class='ocrx_word' id='word_1_48' title='bbox 1044 818 1180 908; x_wconf 69' lang='grc' dir='ltr'><strong><em>ἐδέχετο</em></strong></span> 
     </span>
    </p>

    <p class='ocr_par' dir='ltr' id='par_1_3' title="bbox 182 919 1181 1116">
     <span class='ocr_line' id='line_1_8' title="bbox 182 919 1181 1014; baseline -0.006 -20"><span class='ocrx_word' id='word_1_49' title='bbox 182 925 251 1004; x_wconf 60' lang='grc' dir='ltr'><strong><em>Ιξτδ</em></strong></span> <span class='ocrx_word' id='word_1_50' title='bbox 268 931 394 1014; x_wconf 87' lang='grc' dir='ltr'><strong><em>χωρίον</em></strong></span> <span class='ocrx_word' id='word_1_51' title='bbox 419 927 476 992; x_wconf 80' lang='grc' dir='ltr'><strong><em>ἵνα</em></strong></span> <span class='ocrx_word' id='word_1_52' title='bbox 500 919 689 994; x_wconf 78' lang='grc' dir='ltr'><strong><em>ἐτάσσοντο.</em></strong></span> <span class='ocrx_word' id='word_1_53' title='bbox 733 919 868 1001; x_wconf 76' lang='grc' dir='ltr'><strong><em>ἐπέταξε</em></strong></span> <span class='ocrx_word' id='word_1_54' title='bbox 891 920 929 992; x_wconf 81' lang='grc' dir='ltr'><strong><em>δὲ</em></strong></span> <span class='ocrx_word' id='word_1_55' title='bbox 954 921 1080 1013; x_wconf 75' lang='grc' dir='ltr'><strong><em>καὶτῷ</em></strong></span> <span class='ocrx_word' id='word_1_56' title='bbox 1103 919 1181 1008; x_wconf 87' lang='grc' dir='ltr'><strong><em>όρει</em></strong></span> 
     </span>
     <span class='ocr_line' id='line_1_9' title="bbox 214 1019 1180 1116; baseline -0.004 -23"><span class='ocrx_word' id='word_1_57' title='bbox 214 1031 261 1116; x_wconf 78' lang='grc' dir='ltr'><strong><em>τῷ</em></strong></span> <span class='ocrx_word' id='word_1_58' title='bbox 286 1023 324 1094; x_wconf 80' lang='grc' dir='ltr'><strong><em>ἓν</em></strong></span> <span class='ocrx_word' id='word_1_59' title='bbox 347 1023 505 1115; x_wconf 78' lang='grc' dir='ltr'><strong><em>ἀριστερᾷ</em></strong></span> <span class='ocrx_word' id='word_1_60' title='bbox 529 1030 627 1113; x_wconf 79' lang='grc' dir='ltr'><strong><em>σφῶν</em></strong></span> <span class='ocrx_word' id='word_1_61' title='bbox 650 1021 734 1092; x_wconf 85' lang='grc' dir='ltr'><strong><em>κατά</em></strong></span> <span class='ocrx_word' id='word_1_62' title='bbox 755 1021 792 1091; x_wconf 90' lang='grc' dir='ltr'><strong><em>τδ</em></strong></span> <span class='ocrx_word' id='word_1_63' title='bbox 816 1020 1036 1112; x_wconf 76' lang='grc' dir='ltr'><strong><em>Ἀλεξάνδρου</em></strong></span> <span class='ocrx_word' id='word_1_64' title='bbox 1065 1019 1180 1101; x_wconf 81' lang='grc' dir='ltr'><strong><em>δεξιόν</em></strong></span> 
     </span>
    </p>

    <p class='ocr_par' dir='ltr' id='par_1_4' title="bbox 139 1119 1222 1715">
     <span class='ocr_line' id='line_1_10' title="bbox 139 1119 1180 1214; baseline -0.005 -20"><span class='ocrx_word' id='word_1_65' title='bbox 139 1121 144 1126; x_wconf 58' lang='grc'><strong>’</strong></span> <span class='ocrx_word' id='word_1_66' title='bbox 216 1124 250 1206; x_wconf 80' lang='grc' dir='ltr'><strong><em>ἐς</em></strong></span> <span class='ocrx_word' id='word_1_67' title='bbox 264 1130 478 1214; x_wconf 89' lang='grc' dir='ltr'><strong><em>δισμυρίους·</em></strong></span> <span class='ocrx_word' id='word_1_68' title='bbox 506 1123 703 1194; x_wconf 69' lang='grc' dir='ltr'><strong><em>καὶτούτων</em></strong></span> <span class='ocrx_word' id='word_1_69' title='bbox 718 1129 808 1192; x_wconf 80' lang='grc' dir='ltr'><strong><em>ἔστιν</em></strong></span> <span class='ocrx_word' id='word_1_70' title='bbox 821 1130 857 1192; x_wconf 79' lang='grc' dir='ltr'><strong><em>οἳ</em></strong></span> <span class='ocrx_word' id='word_1_71' title='bbox 871 1121 954 1192; x_wconf 87' lang='grc' dir='ltr'><strong><em>κατά</em></strong></span> <span class='ocrx_word' id='word_1_72' title='bbox 971 1121 1082 1192; x_wconf 83' lang='grc' dir='ltr'><strong><em>νύτον</em></strong></span> <span class='ocrx_word' id='word_1_73' title='bbox 1100 1119 1180 1207; x_wconf 74' lang='grc' dir='ltr'><strong><em>ἐγέ-</em></strong></span> 
     </span>
     <span class='ocr_line' id='line_1_11' title="bbox 214 1220 1222 1314; baseline -0.002 -20"><span class='ocrx_word' id='word_1_74' title='bbox 214 1252 315 1296; x_wconf 88' lang='grc' dir='ltr'><strong><em>νοντο</em></strong></span> <span class='ocrx_word' id='word_1_75' title='bbox 338 1231 397 1312; x_wconf 84' lang='grc' dir='ltr'><strong><em>τής</em></strong></span> <span class='ocrx_word' id='word_1_76' title='bbox 417 1220 638 1314; x_wconf 84' lang='grc' dir='ltr'><strong><em>Ἀλεξάνδρου</em></strong></span> <span class='ocrx_word' id='word_1_77' title='bbox 663 1229 826 1314; x_wconf 84' lang='grc' dir='ltr'><strong><em>στρατιάς.</em></strong></span> <span class='ocrx_word' id='word_1_78' title='bbox 867 1222 905 1292; x_wconf 89' lang='grc' dir='ltr'><strong><em>τδ</em></strong></span> <span class='ocrx_word' id='word_1_79' title='bbox 929 1222 994 1313; x_wconf 84' lang='grc' dir='ltr'><strong><em>γάρ</em></strong></span> <span class='ocrx_word' id='word_1_80' title='bbox 1017 1221 1096 1313; x_wconf 90' lang='grc' dir='ltr'><strong><em>όρος</em></strong></span> <span class='ocrx_word' id='word_1_81' title='bbox 1119 1226 1181 1290; x_wconf 79' lang='grc' dir='ltr'><strong><em>ἵνα</em></strong></span> <span class='ocrx_word' id='word_1_82' title='bbox 1195 1254 1222 1292; x_wconf 87' lang='grc' dir='ltr'><strong><em>ιο</em></strong></span> 
     </span>
     <span class='ocr_line' id='line_1_12' title="bbox 217 1322 1180 1414; baseline -0.007 -18"><span class='ocrx_word' id='word_1_83' title='bbox 217 1325 449 1414; x_wconf 76' lang='grc' dir='ltr'><strong><em>ἐπετάχθησαν</em></strong></span> <span class='ocrx_word' id='word_1_84' title='bbox 462 1330 508 1413; x_wconf 85' lang='grc' dir='ltr'><strong><em>πή</em></strong></span> <span class='ocrx_word' id='word_1_85' title='bbox 518 1323 583 1414; x_wconf 78' lang='grc' dir='ltr'><strong><em>μὲν</em></strong></span> <span class='ocrx_word' id='word_1_86' title='bbox 596 1323 746 1413; x_wconf 72' lang='grc' dir='ltr'><strong><em>διεχώρει</em></strong></span> <span class='ocrx_word' id='word_1_87' title='bbox 758 1323 793 1404; x_wconf 83' lang='grc' dir='ltr'><strong><em>ἐς</em></strong></span> <span class='ocrx_word' id='word_1_88' title='bbox 809 1323 916 1412; x_wconf 87' lang='grc' dir='ltr'><strong><em>βάθος</em></strong></span> <span class='ocrx_word' id='word_1_89' title='bbox 933 1327 990 1393; x_wconf 83' lang='grc' dir='ltr'><strong><em>καὶ</em></strong></span> <span class='ocrx_word' id='word_1_90' title='bbox 1007 1322 1180 1402; x_wconf 83' lang='grc' dir='ltr'><strong><em>κολπῦδίς</em></strong></span> 
     </span>
     <span class='ocr_line' id='line_1_13' title="bbox 215 1419 1179 1514; baseline -0.003 -21"><span class='ocrx_word' id='word_1_91' title='bbox 215 1454 247 1494; x_wconf 87' lang='grc' dir='ltr'><strong><em>τι</em></strong></span> <span class='ocrx_word' id='word_1_92' title='bbox 277 1425 385 1495; x_wconf 87' lang='grc' dir='ltr'><strong><em>αῦτοῦ</em></strong></span> <span class='ocrx_word' id='word_1_93' title='bbox 417 1425 528 1514; x_wconf 84' lang='grc' dir='ltr'><strong><em>ῦσπερ</em></strong></span> <span class='ocrx_word' id='word_1_94' title='bbox 559 1423 597 1495; x_wconf 79' lang='grc' dir='ltr'><strong><em>ἐν</em></strong></span> <span class='ocrx_word' id='word_1_95' title='bbox 624 1424 783 1514; x_wconf 77' lang='grc' dir='ltr'><strong><em>θαλάσσῃ</em></strong></span> <span class='ocrx_word' id='word_1_96' title='bbox 814 1421 957 1511; x_wconf 80' lang='grc' dir='ltr'><strong><em>ἐγίνετο·</em></strong></span> <span class='ocrx_word' id='word_1_97' title='bbox 1002 1429 1113 1492; x_wconf 78' lang='grc' dir='ltr'><strong><em>ἔπειτα</em></strong></span> <span class='ocrx_word' id='word_1_98' title='bbox 1142 1419 1179 1502; x_wconf 81' lang='grc' dir='ltr'><strong><em>ἒς</em></strong></span> 
     </span>
     <span class='ocr_line' id='line_1_14' title="bbox 218 1516 1177 1616; baseline -0.006 -20"><span class='ocrx_word' id='word_1_99' title='bbox 218 1522 409 1615; x_wconf 78' lang='grc' dir='ltr'><strong><em>ἐπικαμπὴν</em></strong></span> <span class='ocrx_word' id='word_1_100' title='bbox 422 1524 543 1616; x_wconf 74' lang='grc' dir='ltr'><strong><em>προδόν</em></strong></span> <span class='ocrx_word' id='word_1_101' title='bbox 559 1523 640 1605; x_wconf 87' lang='grc' dir='ltr'><strong><em>τούς</em></strong></span> <span class='ocrx_word' id='word_1_102' title='bbox 658 1523 714 1594; x_wconf 77' lang='grc' dir='ltr'><strong><em>ἐπὶ</em></strong></span> <span class='ocrx_word' id='word_1_103' title='bbox 731 1516 803 1605; x_wconf 78' lang='grc' dir='ltr'><strong><em>ταῖς</em></strong></span> <span class='ocrx_word' id='word_1_104' title='bbox 821 1523 1002 1615; x_wconf 76' lang='grc' dir='ltr'><strong><em>ὑπωρείαις</em></strong></span> <span class='ocrx_word' id='word_1_105' title='bbox 1018 1523 1177 1611; x_wconf 83' lang='grc' dir='ltr'><strong><em>τεταγμέ-</em></strong></span> 
     </span>
     <span class='ocr_line' id='line_1_15' title="bbox 216 1623 1179 1715; baseline -0.002 -21"><span class='ocrx_word' id='word_1_106' title='bbox 216 1653 298 1706; x_wconf 91' lang='grc' dir='ltr'><strong><em>νους</em></strong></span> <span class='ocrx_word' id='word_1_107' title='bbox 330 1626 470 1696; x_wconf 88' lang='grc' dir='ltr'><strong><em>κατόπιν</em></strong></span> <span class='ocrx_word' id='word_1_108' title='bbox 501 1631 562 1696; x_wconf 92' lang='grc' dir='ltr'><strong><em>τοῦ</em></strong></span> <span class='ocrx_word' id='word_1_109' title='bbox 595 1628 708 1707; x_wconf 81' lang='grc' dir='ltr'><strong><em>δεξιοῦ</em></strong></span> <span class='ocrx_word' id='word_1_110' title='bbox 739 1625 844 1715; x_wconf 81' lang='grc' dir='ltr'><strong><em>κέρως</em></strong></span> <span class='ocrx_word' id='word_1_111' title='bbox 876 1631 937 1694; x_wconf 89' lang='grc' dir='ltr'><strong><em>τοῦ</em></strong></span> <span class='ocrx_word' id='word_1_112' title='bbox 958 1623 1179 1712; x_wconf 83' lang='grc' dir='ltr'><strong><em>Ἀλεξάνδρου</em></strong></span> 
     </span>
    </p>

    <p class='ocr_par' dir='ltr' id='par_1_5' title="bbox 185 1721 1220 1916">
     <span class='ocr_line' id='line_1_16' title="bbox 185 1721 1220 1814; baseline 0.004 -22"><span class='ocrx_word' id='word_1_113' title='bbox 185 1743 202 1792; x_wconf 85' lang='lat'>8</span> <span class='ocrx_word' id='word_1_114' title='bbox 219 1722 332 1796; x_wconf 75' lang='grc' dir='ltr'><strong><em>ἐποίει.</em></strong></span> <span class='ocrx_word' id='word_1_115' title='bbox 358 1725 397 1796; x_wconf 87' lang='grc' dir='ltr'><strong><em>τό</em></strong></span> <span class='ocrx_word' id='word_1_116' title='bbox 411 1726 449 1797; x_wconf 80' lang='grc' dir='ltr'><strong><em>δὲ</em></strong></span> <span class='ocrx_word' id='word_1_117' title='bbox 463 1725 544 1796; x_wconf 86' lang='grc' dir='ltr'><strong><em>άλλο</em></strong></span> <span class='ocrx_word' id='word_1_118' title='bbox 557 1732 686 1814; x_wconf 76' lang='grc' dir='ltr'><strong><em>πλῆθος</em></strong></span> <span class='ocrx_word' id='word_1_119' title='bbox 704 1721 811 1795; x_wconf 90' lang='grc' dir='ltr'><strong><em>αύτοῦ</em></strong></span> <span class='ocrx_word' id='word_1_120' title='bbox 828 1731 937 1809; x_wconf 78' lang='grc' dir='ltr'><strong><em>ψιλῶν</em></strong></span> <span class='ocrx_word' id='word_1_121' title='bbox 954 1751 989 1794; x_wconf 91' lang='grc' dir='ltr'><strong><em>τε</em></strong></span> <span class='ocrx_word' id='word_1_122' title='bbox 1006 1726 1063 1793; x_wconf 78' lang='grc' dir='ltr'><strong><em>καὶ</em></strong></span> <span class='ocrx_word' id='word_1_123' title='bbox 1080 1721 1220 1796; x_wconf 62' lang='lat' dir='ltr'><strong><em>buch-1⁵</em></strong></span> 
     </span>
     <span class='ocr_line' id='line_1_17' title="bbox 217 1821 1179 1916; baseline -0.002 -20"><span class='ocrx_word' id='word_1_124' title='bbox 217 1832 298 1916; x_wconf 84' lang='grc' dir='ltr'><strong><em>τῦν,</em></strong></span> <span class='ocrx_word' id='word_1_125' title='bbox 315 1827 399 1898; x_wconf 84' lang='grc' dir='ltr'><strong><em>κατά</em></strong></span> <span class='ocrx_word' id='word_1_126' title='bbox 412 1833 497 1915; x_wconf 84' lang='grc' dir='ltr'><strong><em>ἔθνη</em></strong></span> <span class='ocrx_word' id='word_1_127' title='bbox 515 1827 781 1915; x_wconf 83' lang='grc' dir='ltr'><strong><em>συντεταγμένον</em></strong></span> <span class='ocrx_word' id='word_1_128' title='bbox 798 1824 832 1906; x_wconf 77' lang='grc' dir='ltr'><strong><em>ἐς</em></strong></span> <span class='ocrx_word' id='word_1_129' title='bbox 848 1825 954 1914; x_wconf 81' lang='grc' dir='ltr'><strong><em>βάθος</em></strong></span> <span class='ocrx_word' id='word_1_130' title='bbox 972 1826 1035 1895; x_wconf 87' lang='grc' dir='ltr'><strong><em>οῦκ</em></strong></span> <span class='ocrx_word' id='word_1_131' title='bbox 1054 1821 1179 1913; x_wconf 70' lang='grc' dir='ltr'><strong><em>’ὠφέλι-</em></strong></span> 
     </span>
    </p>
   </div>
   <div class='ocr_carea' id='block_1_3' title="bbox 218 1920 1252 2117">
    <p class='ocr_par' dir='ltr' id='par_1_6' title="bbox 218 1920 1252 2117">
     <span class='ocr_line' id='line_1_18' title="bbox 219 1920 1252 2017; baseline -0.005 -20"><span class='ocrx_word' id='word_1_132' title='bbox 219 1956 295 2017; x_wconf 79' lang='grc' dir='ltr'><strong><em>μον,</em></strong></span> <span class='ocrx_word' id='word_1_133' title='bbox 314 1927 456 1998; x_wconf 86' lang='grc' dir='ltr'><strong><em>όπισθεν</em></strong></span> <span class='ocrx_word' id='word_1_134' title='bbox 469 1921 513 2016; x_wconf 87' lang='grc' dir='ltr'><strong><em>ήν</em></strong></span> <span class='ocrx_word' id='word_1_135' title='bbox 531 1932 599 1996; x_wconf 86' lang='grc' dir='ltr'><strong><em>τῦν</em></strong></span> <span class='ocrx_word' id='word_1_136' title='bbox 613 1920 782 2014; x_wconf 77' lang='grc' dir='ltr'><strong><em>Ἑλλήνων</em></strong></span> <span class='ocrx_word' id='word_1_137' title='bbox 798 1929 869 1996; x_wconf 77' lang='grc' dir='ltr'><strong><em>τῶν</em></strong></span> <span class='ocrx_word' id='word_1_138' title='bbox 885 1925 1105 2016; x_wconf 87' lang='grc' dir='ltr'><strong><em>μισθοφόρων</em></strong></span> <span class='ocrx_word' id='word_1_139' title='bbox 1122 1927 1180 1996; x_wconf 85' lang='grc' dir='ltr'><strong><em>καὶ</em></strong></span> <span class='ocrx_word' id='word_1_140' title='bbox 1250 1941 1252 1948; x_wconf 83' lang='grc'><em>’</em></span> 
     </span>
     <span class='ocr_line' id='line_1_19' title="bbox 218 2023 1180 2117; baseline -0.002 -21"><span class='ocrx_word' id='word_1_141' title='bbox 218 2033 280 2096; x_wconf 88' lang='grc' dir='ltr'><strong><em>τοῦ</em></strong></span> <span class='ocrx_word' id='word_1_142' title='bbox 303 2026 360 2097; x_wconf 81' lang='grc' dir='ltr'><strong><em>ε’πὶ</em></strong></span> <span class='ocrx_word' id='word_1_143' title='bbox 383 2028 554 2115; x_wconf 84' lang='grc' dir='ltr'><strong><em>φάλαγγος</em></strong></span> <span class='ocrx_word' id='word_1_144' title='bbox 577 2027 781 2116; x_wconf 85' lang='grc' dir='ltr'><strong><em>τεταγμένον</em></strong></span> <span class='ocrx_word' id='word_1_145' title='bbox 797 2029 1014 2117; x_wconf 80' lang='grc' dir='ltr'><strong><em>βαρβαρικοῦ.</em></strong></span> <span class='ocrx_word' id='word_1_146' title='bbox 1048 2023 1180 2112; x_wconf 76' lang='grc' dir='ltr'><strong><em>ἐλέγετο</em></strong></span> 
     </span>
    </p>
   </div>
   <div class='ocr_carea' id='block_1_4' title="bbox 1150 2126 1159 2149">
    <p class='ocr_par' dir='ltr' id='par_1_7' title="bbox 1150 2126 1159 2149">
     <span class='ocr_line' id='line_1_20' title="bbox 1150 2126 1159 2149; baseline 0 0"><span class='ocrx_word' id='word_1_147' title='bbox 1150 2126 1159 2149; x_wconf 88' lang='grc' dir='ltr'><strong><em>Ι</em></strong></span> 
     </span>
    </p>
   </div>
   <div class='ocr_carea' id='block_1_5' title="bbox 140 2124 1219 3524">
    <p class='ocr_par' dir='ltr' id='par_1_8' title="bbox 219 2124 1219 2317">
     <span class='ocr_line' id='line_1_21' title="bbox 219 2124 1158 2219; baseline -0.001 -24"><span class='ocrx_word' id='word_1_148' title='bbox 219 2126 285 2216; x_wconf 85' lang='grc' dir='ltr'><strong><em>γάρ</em></strong></span> <span class='ocrx_word' id='word_1_149' title='bbox 308 2126 329 2214; x_wconf 83' lang='grc' dir='ltr'><em>ἡ</em></span> <span class='ocrx_word' id='word_1_150' title='bbox 354 2131 444 2197; x_wconf 86' lang='grc' dir='ltr'><strong><em>πάσα</em></strong></span> <span class='ocrx_word' id='word_1_151' title='bbox 460 2125 482 2215; x_wconf 88' lang='grc' dir='ltr'><strong><em>ή</em></strong></span> <span class='ocrx_word' id='word_1_152' title='bbox 501 2125 565 2210; x_wconf 80' lang='grc' dir='ltr'><strong><em>ξῦν</em></strong></span> <span class='ocrx_word' id='word_1_153' title='bbox 582 2133 720 2219; x_wconf 75' lang='grc' dir='ltr'><strong><em>Δαρείῳ</em></strong></span> <span class='ocrx_word' id='word_1_154' title='bbox 738 2125 873 2217; x_wconf 80' lang='grc' dir='ltr'><strong><em>στρατιά</em></strong></span> <span class='ocrx_word' id='word_1_155' title='bbox 888 2125 1033 2215; x_wconf 76' lang='grc' dir='ltr'><strong><em>μάλιστα</em></strong></span> <span class='ocrx_word' id='word_1_156' title='bbox 1050 2124 1085 2206; x_wconf 81' lang='grc' dir='ltr'><strong><em>ἒς</em></strong></span> <span class='ocrx_word' id='word_1_157' title='bbox 1104 2128 1158 2214; x_wconf 80' lang='grc' dir='ltr'><strong><em>ἕξη</em></strong></span> 
     </span>
     <span class='ocr_line' id='line_1_22' title="bbox 220 2225 1219 2317; baseline 0.004 -21"><span class='ocrx_word' id='word_1_158' title='bbox 220 2253 322 2296; x_wconf 88' lang='grc' dir='ltr'><strong><em>κοντα</em></strong></span> <span class='ocrx_word' id='word_1_159' title='bbox 337 2228 502 2317; x_wconf 88' lang='grc' dir='ltr'><strong><em>μυριάδας</em></strong></span> <span class='ocrx_word' id='word_1_160' title='bbox 518 2233 684 2315; x_wconf 79' lang='grc' dir='ltr'><strong><em>μαχίμους</em></strong></span> <span class='ocrx_word' id='word_1_161' title='bbox 702 2225 797 2296; x_wconf 83' lang='grc' dir='ltr'><strong><em>εἶναι.</em></strong></span> <span class='ocrx_word' id='word_1_162' title='bbox 1191 2260 1219 2300; x_wconf 79' lang='grc' dir='ltr'><strong><em>ιο</em></strong></span> 
     </span>
    </p>

    <p class='ocr_par' dir='ltr' id='par_1_9' title="bbox 187 2325 1179 2518">
     <span class='ocr_line' id='line_1_23' title="bbox 187 2325 1179 2421; baseline 0.004 -29"><span class='ocrx_word' id='word_1_163' title='bbox 187 2345 204 2392; x_wconf 80' lang='grc' dir='ltr'><strong><em>ε</em></strong></span> <span class='ocrx_word' id='word_1_164' title='bbox 294 2325 511 2416; x_wconf 83' lang='grc' dir='ltr'><strong><em>Ἀλέξανδρος</em></strong></span> <span class='ocrx_word' id='word_1_165' title='bbox 524 2328 574 2414; x_wconf 87' lang='grc' dir='ltr'><strong><em>δέ,</em></strong></span> <span class='ocrx_word' id='word_1_166' title='bbox 593 2325 638 2407; x_wconf 76' lang='grc' dir='ltr'><strong><em>ὡς</em></strong></span> <span class='ocrx_word' id='word_1_167' title='bbox 656 2325 746 2421; x_wconf 78' lang='grc' dir='ltr'><strong><em>αύτῷ</em></strong></span> <span class='ocrx_word' id='word_1_168' title='bbox 764 2326 879 2417; x_wconf 90' lang='grc' dir='ltr'><strong><em>πρόσω</em></strong></span> <span class='ocrx_word' id='word_1_169' title='bbox 899 2327 983 2399; x_wconf 86' lang='grc' dir='ltr'><strong><em>ίόντι</em></strong></span> <span class='ocrx_word' id='word_1_170' title='bbox 999 2327 1037 2399; x_wconf 86' lang='grc' dir='ltr'><strong><em>τό</em></strong></span> <span class='ocrx_word' id='word_1_171' title='bbox 1055 2331 1179 2418; x_wconf 83' lang='grc' dir='ltr'><strong><em>χωρίον</em></strong></span> 
     </span>
     <span class='ocr_line' id='line_1_24' title="bbox 238 2425 1177 2518; baseline -0.002 -20"><span class='ocrx_word' id='word_1_172' title='bbox 238 2427 369 2517; x_wconf 81' lang='grc' dir='ltr'><strong><em>διέσχεν</em></strong></span> <span class='ocrx_word' id='word_1_173' title='bbox 392 2426 508 2516; x_wconf 89' lang='grc' dir='ltr'><strong><em>ὀλίγον</em></strong></span> <span class='ocrx_word' id='word_1_174' title='bbox 532 2425 567 2507; x_wconf 91' lang='grc' dir='ltr'><strong><em>ε’ς</em></strong></span> <span class='ocrx_word' id='word_1_175' title='bbox 592 2427 731 2516; x_wconf 87' lang='grc' dir='ltr'><strong><em>πλάτος,</em></strong></span> <span class='ocrx_word' id='word_1_176' title='bbox 762 2427 935 2518; x_wconf 79' lang='grc' dir='ltr'><strong><em>παρήγαγε</em></strong></span> <span class='ocrx_word' id='word_1_177' title='bbox 950 2428 1030 2509; x_wconf 90' lang='grc' dir='ltr'><strong><em>τοῦς</em></strong></span> <span class='ocrx_word' id='word_1_178' title='bbox 1048 2429 1177 2515; x_wconf 83' lang='grc' dir='ltr'><strong><em>ίππέας,</em></strong></span> 
     </span>
    </p>

    <p class='ocr_par' dir='ltr' id='par_1_10' title="bbox 140 2526 1215 2920">
     <span class='ocr_line' id='line_1_25' title="bbox 140 2526 1178 2618; baseline -0.002 -18"><span class='ocrx_word' id='word_1_179' title='bbox 140 2527 145 2536; x_wconf 78' lang='grc'>’</span> <span class='ocrx_word' id='word_1_180' title='bbox 220 2527 301 2608; x_wconf 86' lang='grc' dir='ltr'><strong><em>τούς</em></strong></span> <span class='ocrx_word' id='word_1_181' title='bbox 325 2555 360 2598; x_wconf 92' lang='grc' dir='ltr'><strong><em>τε</em></strong></span> <span class='ocrx_word' id='word_1_182' title='bbox 385 2530 536 2618; x_wconf 80' lang='grc' dir='ltr'><strong><em>ἑταίρους</em></strong></span> <span class='ocrx_word' id='word_1_183' title='bbox 559 2529 788 2616; x_wconf 79' lang='grc' dir='ltr'><strong><em>καλουμένους</em></strong></span> <span class='ocrx_word' id='word_1_184' title='bbox 811 2530 867 2597; x_wconf 83' lang='grc' dir='ltr'><strong><em>καὶ</em></strong></span> <span class='ocrx_word' id='word_1_185' title='bbox 889 2528 968 2610; x_wconf 91' lang='grc' dir='ltr'><strong><em>τοῦς</em></strong></span> <span class='ocrx_word' id='word_1_186' title='bbox 987 2526 1178 2608; x_wconf 83' lang='grc' dir='ltr'><strong><em>Θεσσαλούς</em></strong></span> 
     </span>
     <span class='ocr_line' id='line_1_26' title="bbox 222 2627 1179 2721; baseline 0 -23"><span class='ocrx_word' id='word_1_187' title='bbox 222 2629 280 2698; x_wconf 82' lang='grc' dir='ltr'><strong><em>καὶ</em></strong></span> <span class='ocrx_word' id='word_1_188' title='bbox 295 2628 375 2709; x_wconf 89' lang='grc' dir='ltr'><strong><em>τοῦς</em></strong></span> <span class='ocrx_word' id='word_1_189' title='bbox 389 2627 602 2708; x_wconf 87' lang='grc' dir='ltr'><strong><em>Μακεδόνας.</em></strong></span> <span class='ocrx_word' id='word_1_190' title='bbox 636 2629 692 2696; x_wconf 81' lang='grc' dir='ltr'><strong><em>καὶ</em></strong></span> <span class='ocrx_word' id='word_1_191' title='bbox 709 2628 850 2708; x_wconf 79' lang='grc' dir='ltr'><strong><em>τούτους</em></strong></span> <span class='ocrx_word' id='word_1_192' title='bbox 866 2627 930 2717; x_wconf 76' lang='grc' dir='ltr'><strong><em>μὲν</em></strong></span> <span class='ocrx_word' id='word_1_193' title='bbox 947 2627 1004 2698; x_wconf 76' lang='grc' dir='ltr'><strong><em>ἐπὶ</em></strong></span> <span class='ocrx_word' id='word_1_194' title='bbox 1021 2632 1067 2720; x_wconf 74' lang='grc' dir='ltr'><strong><em>τῷ</em></strong></span> <span class='ocrx_word' id='word_1_195' title='bbox 1086 2629 1179 2721; x_wconf 73' lang='grc' dir='ltr'><strong><em>δεξιῷ</em></strong></span> 
     </span>
     <span class='ocr_line' id='line_1_27' title="bbox 221 2725 1215 2819; baseline 0.005 -21"><span class='ocrx_word' id='word_1_196' title='bbox 221 2731 304 2819; x_wconf 74' lang='grc' dir='ltr'><strong><em>κέρᾳ</em></strong></span> <span class='ocrx_word' id='word_1_197' title='bbox 326 2725 394 2818; x_wconf 78' lang='grc' dir='ltr'><strong><em>ἅμα</em></strong></span> <span class='ocrx_word' id='word_1_198' title='bbox 418 2725 455 2799; x_wconf 86' lang='grc' dir='ltr'><strong><em>οἷ</em></strong></span> <span class='ocrx_word' id='word_1_199' title='bbox 473 2731 581 2811; x_wconf 80' lang='grc' dir='ltr'><strong><em>ἔταξε·</em></strong></span> <span class='ocrx_word' id='word_1_200' title='bbox 620 2725 699 2808; x_wconf 84' lang='grc' dir='ltr'><strong><em>τοῦς</em></strong></span> <span class='ocrx_word' id='word_1_201' title='bbox 723 2727 760 2796; x_wconf 85' lang='grc' dir='ltr'><strong><em>δὲ</em></strong></span> <span class='ocrx_word' id='word_1_202' title='bbox 787 2725 824 2796; x_wconf 82' lang='grc' dir='ltr'><strong><em>ἐκ</em></strong></span> <span class='ocrx_word' id='word_1_203' title='bbox 843 2727 1106 2816; x_wconf 83' lang='grc' dir='ltr'><strong><em>Πελοποννήσου</em></strong></span> <span class='ocrx_word' id='word_1_204' title='bbox 1124 2731 1176 2798; x_wconf 78' lang='grc' dir='ltr'><strong><em>καὶ</em></strong></span> <span class='ocrx_word' id='word_1_205' title='bbox 1189 2761 1215 2802; x_wconf 78' lang='grc' dir='ltr'><strong><em>ιε</em></strong></span> 
     </span>
     <span class='ocr_line' id='line_1_28' title="bbox 222 2823 1178 2920; baseline -0.001 -22"><span class='ocrx_word' id='word_1_206' title='bbox 222 2829 259 2900; x_wconf 90' lang='grc' dir='ltr'><strong><em>τδ</em></strong></span> <span class='ocrx_word' id='word_1_207' title='bbox 284 2827 366 2899; x_wconf 82' lang='grc' dir='ltr'><strong><em>ἄλλο</em></strong></span> <span class='ocrx_word' id='word_1_208' title='bbox 389 2829 426 2900; x_wconf 85' lang='grc' dir='ltr'><strong><em>τό</em></strong></span> <span class='ocrx_word' id='word_1_209' title='bbox 445 2827 656 2918; x_wconf 79' lang='grc' dir='ltr'><strong><em>συμμαχικὸν</em></strong></span> <span class='ocrx_word' id='word_1_210' title='bbox 673 2826 729 2898; x_wconf 82' lang='grc' dir='ltr'><strong><em>ε’πὶ</em></strong></span> <span class='ocrx_word' id='word_1_211' title='bbox 746 2827 784 2897; x_wconf 88' lang='grc' dir='ltr'><strong><em>τό</em></strong></span> <span class='ocrx_word' id='word_1_212' title='bbox 802 2826 981 2920; x_wconf 85' lang='grc' dir='ltr'><strong><em>εύάννμον</em></strong></span> <span class='ocrx_word' id='word_1_213' title='bbox 998 2832 1119 2918; x_wconf 87' lang='grc' dir='ltr'><strong><em>πέμπει</em></strong></span> <span class='ocrx_word' id='word_1_214' title='bbox 1135 2823 1178 2910; x_wconf 83' lang='grc' dir='ltr'><strong><em>ῦς</em></strong></span> 
     </span>
    </p>

    <p class='ocr_par' dir='ltr' id='par_1_11' title="bbox 172 2933 459 3021">
     <span class='ocr_line' id='line_1_29' title="bbox 172 2933 459 3021; baseline -0.014 -18"><span class='ocrx_word' id='word_1_215' title='bbox 172 2933 174 2938; x_wconf 65' lang='grc'><strong>’</strong></span> <span class='ocrx_word' id='word_1_216' title='bbox 224 2938 459 3021; x_wconf 85' lang='grc' dir='ltr'><strong><em>Παρμενίωνα.</em></strong></span> 
     </span>
    </p>

    <p class='ocr_par' dir='ltr' id='par_1_12' title="bbox 173 3022 1214 3524">
     <span class='ocr_line' id='line_1_30' title="bbox 173 3022 1178 3122; baseline -0.005 -20"><span class='ocrx_word' id='word_1_217' title='bbox 173 3045 205 3093; x_wconf 86' lang='grc'><strong><em>10</em></strong></span> <span class='ocrx_word' id='word_1_218' title='bbox 299 3045 445 3120; x_wconf 79' lang='grc' dir='ltr'><strong><em>Δαρεῖος</em></strong></span> <span class='ocrx_word' id='word_1_219' title='bbox 469 3031 524 3115; x_wconf 86' lang='grc' dir='ltr'><strong><em>δέ,</em></strong></span> <span class='ocrx_word' id='word_1_220' title='bbox 556 3027 601 3109; x_wconf 82' lang='grc' dir='ltr'><strong><em>ῦς</em></strong></span> <span class='ocrx_word' id='word_1_221' title='bbox 625 3031 873 3118; x_wconf 80' lang='grc' dir='ltr'><strong><em>συντεταγμένη</em></strong></span> <span class='ocrx_word' id='word_1_222' title='bbox 895 3030 961 3118; x_wconf 89' lang='grc' dir='ltr'><strong><em>ήδη</em></strong></span> <span class='ocrx_word' id='word_1_223' title='bbox 984 3022 1028 3117; x_wconf 84' lang='grc' dir='ltr'><strong><em>ήν</em></strong></span> <span class='ocrx_word' id='word_1_224' title='bbox 1051 3023 1178 3122; x_wconf 77' lang='grc' dir='ltr'><strong><em>αύτῷή</em></strong></span> 
     </span>
     <span class='ocr_line' id='line_1_31' title="bbox 224 3125 1178 3219; baseline -0.002 -20"><span class='ocrx_word' id='word_1_225' title='bbox 224 3131 366 3218; x_wconf 85' lang='grc' dir='ltr'><strong><em>φάλαγξ,</em></strong></span> <span class='ocrx_word' id='word_1_226' title='bbox 383 3129 463 3210; x_wconf 87' lang='grc' dir='ltr'><strong><em>τοῦς</em></strong></span> <span class='ocrx_word' id='word_1_227' title='bbox 481 3131 603 3208; x_wconf 80' lang='grc' dir='ltr'><strong><em>ἱππέας</em></strong></span> <span class='ocrx_word' id='word_1_228' title='bbox 620 3125 776 3210; x_wconf 87' lang='grc' dir='ltr'><strong><em>οῦστινας</em></strong></span> <span class='ocrx_word' id='word_1_229' title='bbox 793 3131 859 3219; x_wconf 82' lang='grc' dir='ltr'><strong><em>πρὸ</em></strong></span> <span class='ocrx_word' id='word_1_230' title='bbox 877 3135 938 3200; x_wconf 91' lang='grc' dir='ltr'><strong><em>τοῦ</em></strong></span> <span class='ocrx_word' id='word_1_231' title='bbox 957 3133 1106 3219; x_wconf 81' lang='grc' dir='ltr'><strong><em>ποταμοῦ</em></strong></span> <span class='ocrx_word' id='word_1_232' title='bbox 1126 3127 1178 3198; x_wconf 77' lang='grc' dir='ltr'><strong><em>ἐπὶ</em></strong></span> 
     </span>
     <span class='ocr_line' id='line_1_32' title="bbox 222 3225 1214 3324; baseline 0.004 -25"><span class='ocrx_word' id='word_1_233' title='bbox 222 3235 310 3323; x_wconf 75' lang='grc' dir='ltr'><strong><em>τῷδε</em></strong></span> <span class='ocrx_word' id='word_1_234' title='bbox 332 3229 526 3319; x_wconf 87' lang='grc' dir='ltr'><strong><em>προτετάχει</em></strong></span> <span class='ocrx_word' id='word_1_235' title='bbox 546 3229 636 3309; x_wconf 84' lang='grc' dir='ltr'><strong><em>ὅπως</em></strong></span> <span class='ocrx_word' id='word_1_236' title='bbox 654 3227 813 3316; x_wconf 80' lang='grc' dir='ltr'><strong><em>άσφαλῦς</em></strong></span> <span class='ocrx_word' id='word_1_237' title='bbox 831 3229 923 3324; x_wconf 78' lang='grc' dir='ltr'><strong><em>αύτῷ</em></strong></span> <span class='ocrx_word' id='word_1_238' title='bbox 940 3225 961 3319; x_wconf 88' lang='grc' dir='ltr'><strong><em>ή</em></strong></span> <span class='ocrx_word' id='word_1_239' title='bbox 980 3229 1106 3310; x_wconf 77' lang='grc' dir='ltr'><strong><em>ἔκταξις</em></strong></span> <span class='ocrx_word' id='word_1_240' title='bbox 1124 3233 1177 3316; x_wconf 79' lang='grc' dir='ltr'><strong><em>τῆς</em></strong></span> <span class='ocrx_word' id='word_1_241' title='bbox 1189 3262 1214 3303; x_wconf 88' lang='grc' dir='ltr'><strong><em>ω</em></strong></span> 
     </span>
     <span class='ocr_line' id='line_1_33' title="bbox 224 3327 1178 3421; baseline -0.001 -21"><span class='ocrx_word' id='word_1_242' title='bbox 224 3333 376 3420; x_wconf 87' lang='grc' dir='ltr'><strong><em>στρατιάς</em></strong></span> <span class='ocrx_word' id='word_1_243' title='bbox 393 3331 543 3419; x_wconf 86' lang='grc' dir='ltr'><strong><em>γένοιτο,</em></strong></span> <span class='ocrx_word' id='word_1_244' title='bbox 565 3327 766 3399; x_wconf 76' lang='grc' dir='ltr'><strong><em>ἀνεκάλεσεν</em></strong></span> <span class='ocrx_word' id='word_1_245' title='bbox 783 3327 851 3400; x_wconf 88' lang='grc' dir='ltr'><strong><em>άπδ</em></strong></span> <span class='ocrx_word' id='word_1_246' title='bbox 869 3329 1091 3421; x_wconf 78' lang='grc' dir='ltr'><strong><em>ξυνθήματος.</em></strong></span> <span class='ocrx_word' id='word_1_247' title='bbox 1126 3331 1178 3400; x_wconf 78' lang='grc' dir='ltr'><strong><em>καὶ</em></strong></span> 
     </span>
     <span class='ocr_line' id='line_1_34' title="bbox 222 3426 1178 3524; baseline 0.002 -24"><span class='ocrx_word' id='word_1_248' title='bbox 222 3431 354 3502; x_wconf 89' lang='grc' dir='ltr'><strong><em>τούτων</em></strong></span> <span class='ocrx_word' id='word_1_249' title='bbox 377 3429 457 3513; x_wconf 84' lang='grc' dir='ltr'><strong><em>τοῦς</em></strong></span> <span class='ocrx_word' id='word_1_250' title='bbox 478 3429 543 3522; x_wconf 81' lang='grc' dir='ltr'><strong><em>μὲν</em></strong></span> <span class='ocrx_word' id='word_1_251' title='bbox 565 3427 713 3510; x_wconf 87' lang='grc' dir='ltr'><strong><em>πολλοῦς</em></strong></span> <span class='ocrx_word' id='word_1_252' title='bbox 737 3426 793 3498; x_wconf 84' lang='grc' dir='ltr'><strong><em>ε’πὶ</em></strong></span> <span class='ocrx_word' id='word_1_253' title='bbox 816 3433 862 3523; x_wconf 76' lang='grc' dir='ltr'><strong><em>τῷ</em></strong></span> <span class='ocrx_word' id='word_1_254' title='bbox 886 3431 983 3524; x_wconf 77' lang='grc' dir='ltr'><strong><em>δεξιῷ</em></strong></span> <span class='ocrx_word' id='word_1_255' title='bbox 1001 3433 1082 3522; x_wconf 81' lang='grc' dir='ltr'><strong><em>κέρᾳ</em></strong></span> <span class='ocrx_word' id='word_1_256' title='bbox 1100 3431 1178 3522; x_wconf 83' lang='grc' dir='ltr'><strong><em>πρός</em></strong></span> 
     </span>
    </p>
   </div>
   <div class='ocr_carea' id='block_1_6' title="bbox 0 0 1303 3920">
    <p class='ocr_par' dir='ltr' id='par_1_13' title="bbox 0 0 1303 3920">
     <span class='ocr_line' id='line_1_35' title="bbox 0 0 1303 3920; baseline 0 0"><span class='ocrx_word' id='word_1_257' title='bbox 0 0 1303 3920; x_wconf 95' lang='lat' dir='ltr'><strong><em> </em></strong></span> 
     </span>
    </p>
   </div>
  </div>
 </body>
</html>
