2620 3924
208 147 250 214 98
561 142 812 208 mmmmm*

210 289 249 360 δέ
268 295 355 376 ἐχνω
372 290 412 360 τά
431 288 520 376 ἀμφὶ
536 289 575 358 τὸ
594 291 727 376 τραῦμα
744 286 981 376 ἀληθεύσαντα
998 287 1059 357 τὸν
1074 285 1170 378 Ἀρί-

211 395 397 479 στανδρυν,
424 390 544 479 ἐχάρη,
577 387 627 460 ὅτι
652 391 710 458 καὶ
736 389 797 476 τήν
824 388 922 458 πόλιν
948 387 991 474 δή
1018 388 1169 478 αἱρήσειν

212 491 319 560 ἐδόκει
331 490 571 579 Ἀριστάνδρου
590 492 697 558 ἕνεκα.

176 613 193 662 ε
287 593 355 664 Καὶ
369 589 474 670 αὐτὸς
486 590 549 678 μὲν
561 590 600 660 τὸ
613 593 747 679 τραῦμα
762 589 985 679 ἐθεραπεύετο
997 592 1166 676 χαλεπῶς·

211 690 436 779 ἀφικνοῦνται
452 689 479 760 δ
500 689 593 782 αύτῷ
610 691 837 779 μετάπεμπτοι
854 689 919 760 άπό
937 691 1112 780 θαλάσσης
1130 698 1194 764 πίε

210 794 356 880 μηχαναί
380 788 435 872 αἷς
466 792 579 882 Τύρον
603 787 686 862 εἷλε.
720 793 778 862 καὶ
808 795 904 878 χῶμα
926 792 1099 878 χωννύναι
1129 795 1167 862 ἐν

210 893 325 984 κύκληι
344 893 515 963 πάντοθεν
538 895 597 978 τής
621 892 749 972 πόλεως
769 891 963 980 ἐκέλευσεν,
988 884 1086 984 εὖρος
1104 893 1168 981 μὲν

212 997 246 1073 ἐς
264 995 329 1064 δύο
347 999 519 1081 σταδίους,
535 991 624 1073 ὕψος
642 991 680 1062 δέ
699 995 732 1072 ἐς
751 992 857 1074 πόδας
877 992 1085 1079 πεντήκοντα
1108 996 1167 1063 καὶ

175 1117 193 1166 4
210 1100 412 1173 διακοσίους.
453 1091 499 1174 ῶς
523 1093 560 1164 δέ
577 1099 667 1164 αἵτε
683 1095 829 1181 μηχαναὶ
848 1092 941 1184 αὐτῷ
962 1094 1166 1182 ἐποιήθησαν

209 1197 266 1264 καὶ
282 1199 479 1282 ἐπαχθεῖσαι
491 1194 574 1264 κατά
591 1193 630 1264 τὸ
644 1197 739 1281 χῶμα
752 1193 945 1264 κατέσεισαν
958 1199 1018 1264 τοῶ
1033 1203 1166 1280 τείχους
1180 1228 1208 1268 ιο

212 1299 267 1365 ἐπὶ
282 1295 384 1383 πολύ,
400 1295 586 1382 ὑπονόμων
598 1321 634 1366 τε
647 1294 733 1384 άλλη
747 1297 805 1364 καὶ
823 1292 908 1383 άλλη
927 1293 1166 1384 ὀρυσσομένων

210 1399 267 1464 καλ
284 1399 345 1466 τού
359 1402 422 1483 χοῦ
437 1395 577 1482 ἀφανῶς
596 1396 822 1484 ἐκφερομένου
837 1395 875 1464 τὰ
893 1411 1001 1482 τεῖχος
1016 1401 1166 1484 πολλαχή

209 1496 364 1585 ἠρείπετο
381 1496 545 1584 ὑφιζάνον
562 1497 646 1566 κατὰ
664 1497 702 1566 τό
720 1497 943 1584 κενούμενον,
964 1512 1034 1577 τοῖς
1053 1523 1089 1566 τε
1105 1497 1165 1585 βέ-

209 1605 300 1666 λεσιν
319 1598 375 1665 ἐπὶ
389 1597 476 1666 πολύ
496 1612 650 1682 κατεῖχον
664 1603 700 1668 οί
711 1597 921 1685 Μακεδόνες,
938 1595 1164 1666 άναστέλλον*

208 1723 262 1776 τες
291 1697 372 1776 τούς
397 1697 674 1785 προμαχομένους
699 1700 735 1766 ἐκ
762 1701 832 1766 τῶν
855 1698 1014 1786 πύργων,
1046 1702 1079 1778 ἐς
1101 1697 1164 1786 μὲν
1178 1727 1205 1768 ιε

208 1813 298 1888 τρεῖς
316 1798 506 1886 προσβολάς
531 1803 568 1868 οί
583 1801 620 1868 ἐκ
641 1801 700 1884 τῆς
723 1797 852 1876 πόλεως
876 1797 1164 1886 ἀποθνησκόντων

208 1925 243 1968 τε
257 1897 375 1978 αὐτοῖς
388 1902 525 1968 πολλῶν
538 1901 594 1968 καλ
608 1898 882 1987 τιτρωσκομένων
896 1897 985 1986 ὅμως
999 1898 1162 1986 άντεῑχον.

175 2003 250 2088 στῇ
269 2000 410 2089 τετάρτη
435 1999 473 2068 δέ
490 2003 559 2068 τῶν
577 1999 790 2070 Μακεδόνων
813 1998 875 2086 τήν
899 2000 1058 2086 φάλαχχα
1075 2001 1158 2068 πάν-

207 2111 309 2168 τοθεν
327 2099 553 2188 προσαχαχῶυ
574 2098 792 2188 Ἀλέξανδρος
814 2101 857 2188 τῇ
881 2099 944 2186 μέν
966 2099 1164 2190 ύπορυσσό-

206 2227 309 2287 μενον
332 2199 371 2268 τό
397 2215 513 2286 τείχος
528 2199 744 2290 καταβάλλει,
767 2201 810 2288 τή
835 2197 874 2268 δέ
891 2199 1073 2288 παιόμενον
1089 2219 1163 2280 ταῖς
1177 2233 1204 2272 ω

206 2317 370 2388 μηχαναῖς
395 2309 561 2370 κατασείει
585 2301 641 2370 ἐπὶ
665 2301 767 2388 πολύ,
791 2298 837 2380 ῶς
854 2300 899 2388 μή
921 2301 1069 2390 χαλεπήν
1088 2319 1163 2382 ταῖς

205 2404 340 2489 κλίμαξι
351 2402 415 2486 τήν
429 2401 621 2490 προσβολήν
635 2400 719 2470 κατά
732 2403 774 2470 τὰ
785 2403 985 2490 ἐρηριμμένα
996 2405 1162 2472 ἐνδοῦναι.

170 2507 246 2570 σαί
265 2528 302 2570 τε
325 2493 389 2570 οὖν
411 2509 569 2589 κλίμακες
593 2503 804 2591 προσήγοντο
826 2504 873 2592 τῷ
897 2510 997 2590 τείχει
1013 2505 1070 2572 καλ
1096 2509 1163 2592 έρις
1198 2555 1205 2566 .

206 2603 312 2688 πολλή
321 2593 364 2687 ήν
373 2594 444 2670 τῶύ
449 2602 663 2672 Μακεδόνων
678 2601 749 2672 ὅσοι
757 2631 788 2670 τι
797 2600 916 2692 άρετής
925 2607 1163 2690 μετεποιοῦντο

182 2717 185 2724 “
206 2700 295 2781 ὅστις
320 2707 451 2790 πρῶτος
475 2704 605 2792 αίρήσει
626 2704 664 2772 τό
688 2720 811 2790 τεῖχος·
835 2705 893 2771 καὶ
917 2709 1009 2792 αἱρεῖ
1030 2707 1162 2792 πρῶτος
1176 2731 1202 2772 τε

206 2803 440 2890 Νεοπτόλεμος
467 2807 537 2874 τῶν
568 2807 711 2892 ἑταίρων
739 2807 800 2872 τοῦ
826 2808 1000 2874 Αἰακιδῶν
1022 2807 1159 2890 μένους·

141 2921 145 2930 “
205 2905 262 2974 ἐπὶ
275 2902 420 2995 δὲαύτῷ
439 2901 538 2974 άλλαι
550 2906 606 2974 καὶ
621 2903 720 2974 άλλαι
731 2905 837 2986 τάξεις
850 2902 938 2991 ὁμοῦ
952 2920 1024 2985 τοῖς
1036 2903 1162 2993 ήχεμό-

171 3019 259 3074 λσιν
282 3003 471 3093 ἀνέβαινον.
513 3004 558 3084 ῶς
581 3004 619 3074 δέ
643 3003 731 3086 ἅπαξ
755 3005 934 3094 παρῆλθόν
955 3031 1043 3086 τινες
1068 3006 1162 3084 ἐντὸς

203 3113 334 3191 τείχους
358 3108 428 3175 τῶν
446 3105 677 3192 Μακεδόνων,
700 3113 961 3192 κατασχίσαντες
984 3105 1088 3186 άλλας
1105 3107 1163 3175 καὶ

203 3205 307 3286 άλλας
326 3206 455 3294 πύλας,
479 3203 572 3285 ὅσαις
591 3207 723 3276 ἕκαστοι
742 3207 989 3296 ἐπετύγχανον,
1008 3209 1162 3294 δέχονται
1174 3235 1202 3276 ω

204 3317 283 3374 είσω
300 3307 364 3393 τήν
377 3306 537 3396 στρατιάν
551 3309 672 3376 πᾶσαν.
701 3312 737 3375 οί
750 3307 789 3376 δέ
803 3316 936 3390 Γαζαῖοι
948 3310 1006 3378 καὶ
1023 3311 1082 3394 τής
1096 3308 1161 3377 πό-

202 3405 287 3486 λεῶς
311 3426 426 3495 σφισιν
449 3406 512 3496 ήδη
531 3408 690 3495 ἐχομένης
712 3407 948 3495 ξυνεστηκότες
965 3406 1055 3496 ὅμως
1079 3408 1159 3496 ἐμά-
