2632 3922
481 174 665 234 ευενεευι
682 179 708 240 ι,
726 178 768 228 ιε.
1045 174 1110 238 185

137 328 223 419 παρ’
248 327 368 409 Ἰνδοῖς
397 329 594 418 νομιζόμενα
619 338 821 418 κομίζοντες,
847 332 904 400 καλ
927 328 1007 410 τούς
1021 330 1108 412 ιἑλέ--

138 457 273 518 φαντας
300 431 423 499 δάσειν
449 436 597 517 ἔφασκον
623 433 703 511 τούς
735 431 824 521 παρὰ
853 440 968 520 σφίσιν
994 430 1108 519 ὄντας,

140 527 291 619 ἀριθμόν
319 534 352 610 ές
378 531 478 600 πέντε
503 531 561 600 καλ
586 542 721 600 εἴκοσιν.

215 628 321 702 Ἔνθα
341 631 383 718 δή
403 631 523 700 διελών
543 630 606 720 τήν
625 632 784 722 στρατιὰν
796 629 1025 719 Ἡφαιστίωνα
1044 630 1106 718 μέν
1125 649 1144 696 7

110 734 201 802 εκαλ
220 735 414 820 Περδίκκαν
433 733 592 820 ἐκπέμπει
611 735 644 812 ές
662 733 724 820 τήν
737 739 973 802 Πευκελαῶτιν
992 731 1106 819 χώραν

142 832 190 915 ως
210 834 266 902 ἐπὶ
283 831 345 900 τόν
360 828 470 902 Ἰνδδν
488 831 651 922 ποταμόν,
670 840 808 920 ἔχοντας
825 833 887 919 τήν
904 859 941 902 τε
958 839 1106 922 Γοργίου

140 933 238 1016 τάξιν
255 935 312 1002 καλ
332 940 477 1002 Κλείτου
494 935 551 1002 καλ
572 935 776 1023 Μελεάγρου
795 935 852 1002 καὶ
871 936 940 1002 τόν
963 935 1108 1023 ἑταίρων

142 1034 275 1104 ἱππέων
292 1033 374 1114 τούς
391 1033 531 1122 ἡμίσεας
548 1036 606 1104 καὶ
623 1035 702 1114 τούς
726 1033 960 1125 μισθοφόρους
985 1034 1110 1114 ίππέας

142 1131 353 1222 ξύμπαντας,
375 1133 565 1223 προστάξας
582 1135 624 1204 τά
643 1163 678 1204 τε
696 1135 781 1204 κατὰ
804 1135 868 1222 τήν
892 1134 977 1204 ὁδόν
1000 1141 1109 1223 χωρία

100 1231 164 1320 1οῆ
189 1242 250 1324 βίᾳ
277 1237 424 1323 ἐξαιρεῖν
449 1232 470 1322 ή
497 1235 661 1325 ὁμολογίᾳ
689 1245 932 1325 παρίστασθαι·
965 1238 1022 1304 καλ
1051 1235 1106 1304 ἐπλ

141 1335 203 1406 τὸν
218 1334 329 1404 Ἰνδόν
347 1335 500 1424 ποταμόν
518 1334 744 1424 ἀφικομένους
765 1334 1025 1426 παρασκευάζειν
1044 1333 1110 1403 ὅσα·

143 1439 177 1516 ές
195 1435 256 1523 τήν
275 1435 431 1524 διάβασιν
448 1433 509 1506 τοῦ
528 1441 681 1524 ποταμοῦ
699 1437 868 1526 ξύμφορα.
894 1433 959 1517 ξδν
975 1434 1110 1514 τούτοις

142 1536 182 1606 δὲ
208 1538 265 1606 καλ
298 1539 439 1624 Ταξίλης
468 1538 526 1605 καλ
554 1542 591 1606 οί
611 1535 708 1606 ἄλλοι
730 1535 877 1624 ὕπαρχοι
901 1536 1106 1604 στέλλοντα.

142 1638 200 1704 καὶ
228 1627 322 1704 οὗτοι
345 1635 390 1716 ολς
416 1635 581 1723 άφίκοντο
607 1637 693 1727 πρός
718 1638 780 1708 τδν
802 1633 913 1708 Ἰνδόν
943 1636 1147 1725 ποταμόν,8

103 1765 130 1806 ιε
145 1742 314 1825 ἔπρασσον
333 1735 399 1806 ὅσα
416 1739 449 1820 ἐξ
464 1737 688 1828 Ἀλεξάνδρου
706 1729 748 1825 ἦν
765 1738 960 1830 τεταγμένα.
982 1735 1108 1824 ’Ἁστης
1165 1751 1170 1772 ·

143 1837 182 1906 δὲ
204 1836 222 1904 ὁ
248 1842 307 1926 τῆς
326 1838 601 1918 Πευκελαώτιδος
619 1839 729 1928 χώρας
743 1836 895 1928 ὕπαρχος
908 1843 1108 1926 νεωτερίσας

143 1936 246 2018 αὐτός
264 1965 299 2008 τε
317 1937 579 2008 ἀπόλλυταικαὶ
597 1939 660 2025 τήν
677 1939 776 2008 πόλιν
794 1937 1055 2028 προσαπώλεσεν
1075 1941 1110 2017 ές

142 2036 260 2124 ήντινα
274 2039 512 2126 ξυμπεφεύγει.
541 2041 669 2121 ἐξεῖλον
682 2037 747 2128 γάρ
757 2037 865 2126 αὐτήν
879 2041 918 2108 έν
930 2037 1110 2127 τριάκοντα

143 2139 282 2226 ήμέραις
312 2139 584 2228 προσκαθήμενοι
610 2145 647 2208 οί
675 2139 739 2222 ξδν
768 2134 997 2227 Ἡφαιστίωνι.
1051 2140 1112 2208 καλ

104 2267 132 2308 νο
145 2239 248 2320 αὐτὸς
261 2238 452 2328 μέν”Αστης
469 2240 693 2328 ἀποθνήσκω,
710 2243 768 2328 τῆς
786 2239 916 2320 πόλεως
931 2239 969 2308 δὲ
985 2239 1113 2326 ἐτάχθη

145 2344 374 2427 ἐπιμελεῖσθαι
392 2351 584 2428 Σαγγαῖος,
612 2337 650 2420 ὃς
676 2346 725 2409 ἔτι
750 2340 903 2428 πρόσδευ
929 2338 1112 2426 πεφευγὼς

136 2439 263 2530 ’Ἁστην
286 2443 377 2532 παρά
409 2445 474 2524 Ταξ
477 2450 554 2530 ίλήν
579 2440 817 2528 ηὐτομολήκει·
859 2443 916 2509 καλ
940 2443 1042 2509 τοῦτο
1064 2430 1109 2526 ἦν

145 2540 238 2632 αὐτῷ
265 2541 304 2609 τδ
331 2543 451 2612 πιστόν
477 2543 563 2631 πρὸς
586 2541 820 2666 Ἀλέξρινδρον.

217 2640 436 2729 Ἀλέξανδρος
454 2641 543 2712 δέ’
494 2669 615 2732 ,αγων
632 2643 712 2722 τούς
729 2641 945 2721 ὑπασπιστὰς
960 2641 1017 2709 καλ
1036 2666 1106 2708 των
1117 2640 1164 2706 23

8 2821 13 2832 Ι
107 2767 133 2808 ετ
147 2743 289 2830 ἑταίρων
308 2740 475 2812 λππέων“
457 2764 529 2812 οσοι
545 2743 590 2830 μή
614 2743 677 2823 ξδν
691 2744 909 2830 Ἡφαιστίωνι
933 2739 1108 2826 ἐτετάχατο

145 2841 265 2910 καλ
219 2867 289 2910 των
306 2848 507 2932 πεζεταίρων
520 2843 740 2930 καλουμένων
752 2843 813 2924 τὰς
831 2843 939 2924 τάξεις
952 2842 1010 2910 καλ
1026 2837 1109 2921 τοδς

143 2940 282 3022 τοξότας
299 2942 356 3010 καλ
373 2943 455 3023 τοδς
466 2941 643 3031 Ἀγριᾶνας
660 2945 717 3012 καλ
735 2941 815 3026 τοδς
836 2941 1108 3028 ἱππακοντιστάς,

145 3040 338 3131 προόχάρει
356 3041 661 3130 ε’ςτήνἈσπασίων
675 3045 781 3114 τεκαὶ
796 3049 975 3134 Ιλιυραίων
991 3043 1108 3132 χάραν

144 3143 201 3211 καὶ
211 3140 439 3231 Ἀσσακηνῶν.
460 3147 641 3235 πορευθεὶς
655 3143 694 3213 δέ
704 3143 794 3234 παρά
804 3145 967 3234 τόνΧόην
979 3141 1106 3214 καλού-
1125 3158 1146 3207 2

109 3265 134 3306 οο
145 3269 248 3332 μενον
262 3241 412 3331 ποταμὸν
425 3243 560 3332 ὀρεινήν
572 3271 608 3316 τε
621 3243 703 3314 ὁδόν
716 3245 773 3314 καὶ
786 3261 944 3336 τραχεϊαν
956 3247 1014 3314 καὶ
1026 3245 1109 3314 τοῦ·

145 3371 205 3412 τον
223 3345 343 3432 διαβάς
360 3346 515 3433 χαλεπῶς
532 3345 570 3414 τό
587 3345 651 3434 μὲν
671 3352 778 3430 πεζόν
795 3346 833 3416 τό
851 3350 982 3434 πλῆθος
998 3345 1110 3434 βάδην

146 3445 292 3514 ἕπεσθαί
316 3451 353 3516 ολ
376 3447 568 3518 ἐκέλευσεν·
621 3445 725 3526 αὐτός
753 3447 791 3517 δὲ
817 3447 1000 3538 άναλαβοδν
1015 3444 1112 3526 ιτοδς
