2546 3920
217 135 281 200 328
574 135 826 197 ΔΔΕΞΔΝΔΡΟΤ

217 297 275 362 καὶ
294 293 390 363 οἶνον
409 295 495 364 κατὰ
515 294 637 382 λόχους
656 298 714 364 καὶ
736 294 948 376 έκατοστῦας.
988 291 1055 364 άπὸ
1074 293 1116 362 δὲ
1129 297 1191 361 τοῦ

218 395 324 464 πότον
345 391 454 465 αάτδν
467 396 531 484 μὲν
544 396 818 467 ἀπαλλάττεσθαι
832 399 962 467 ἐθέλειν
976 397 1030 466 έπλ
1044 401 1191 464 κοιτῶνα

218 497 306 566 εἰσὶν
329 505 366 566 οἳ
388 496 599 586 ἀνέγραψαν·
640 497 777 584 Μήδιον
802 498 841 568 δέ
866 496 962 590 αὐτῷ
990 495 1186 582 ἐντυχόντα,

218 601 288 665 τῶν
304 600 446 687 ἑταίρων
460 601 497 666 ἐν
514 603 563 689 τῷ
580 597 656 668 τότε
669 598 730 667 τόν
749 599 998 686 πιθανώτατον,
1023 599 1186 685 δεηθῆναι

218 697 372 786 κωμάσαι
389 697 480 784 παρά
498 694 547 767 ol·
574 700 734 785 γενέσθαι
747 699 812 789 γάρ
826 697 870 767 ἂν
882 699 972 786 ἡδῦν
984 700 1046 771 τὸν
1059 703 1181 785 κάμον.
1195 721 1207 760 ⁵

166 805 208 872 25
296 801 366 870 Καὶ
384 806 424 869 αί
438 806 601 888 βασίλειοι
620 803 818 890 ἐφημερίδες
837 792 903 870 ὦδε
922 807 1049 886 έχουσι·
1077 805 1185 867 πίνειν

219 900 310 988 παρὰ
325 905 450 992 Μηδίῳ
464 899 572 969 αὐτὸν
589 902 806 988 κωμάσαντα·
836 908 947 970 ἔπειτα
960 899 1185 979 ἐξαναστάντα

218 1004 276 1070 καὶ
309 1000 522 1088 λουσάμενον
556 1001 739 1071 καθεύδειν
763 1029 800 1071 τε
824 1005 882 1070 καὶ
908 993 1010 1081 αὖθις
1035 1006 1184 1070 δειπνεῖν

218 1101 308 1188 παρὰ
326 1106 453 1194 Μηδίῳ
478 1104 537 1170 καὶ
563 1095 665 1182 αῦθις
682 1110 794 1172 πίνειν
811 1102 926 1193 πόρρω
943 1107 1012 1170 τάν
1029 1104 1183 1172 νυκτῶν·

217 1199 479 1289 ἀπαλλαχθέντα
498 1202 537 1271 δὲ
553 1208 615 1271 τοῦ
630 1203 736 1274 πότου
755 1205 960 1273 λοῦσασθαι·
986 1204 1042 1272 καί
1057 1202 1212 1272 λουσά-ιι

217 1330 321 1391 μενον
345 1302 464 1391 ὀλίγον
489 1330 521 1372 τι
539 1306 704 1391 έμφαγείν
721 1307 780 1374 καὶ
797 1303 978 1375 καθεύδειν
995 1303 1117 1391 αὐτοῦ,
1135 1302 1182 1371 ὅτι

183 1403 281 1492 ἳὴδη
309 1405 504 1493 έπάρεσσεν.
550 1407 792 1492 ἐκκομισθέντα
805 1405 857 1476 ,δὲ
883 1407 939 1474 ἐπὶ
963 1413 1081 1492 κλίνης
1097 1403 1180 1494 πρδς

216 1506 258 1572 τὰ
293 1505 366 1592 ἱερά
400 1509 505 1574 θῦσαι
542 1503 587 1585 ιδς
613 1506 717 1594 νόμος
744 1507 800 1594 ἐφ’
830 1505 953 1595 ἑκάστη
968 1503 1099 1597 ἡμέρη,
1126 1507 1180 1573 καλ

216 1605 258 1674 τά
287 1605 360 1693 ίερά
387 1607 549 1674 ’ἐπιθέντα
575 1617 807 1690 κατακεῖσθαιΙ
822 1609 859 1675 έν
876 1613 924 1700 τῷ
943 1605 1092 1696 άνδράυι
1110 1611 1179 1674 ἔστι

218 1707 273 1774 ἐπὶ
293 1708 429 1792 κνέφας.
471 1710 508 1775 έν
524 1707 633 1799 τοάτιμ
652 1707 691 1777 δέ
706 1722 778 1788 τοῖς
791 1705 1207 1796 ἡγεμόσιπαραγγέλλειυιι

216 1806 303 1895 ὑπὲρ
329 1810 388 1894 τῆς
415 1814 553 1896 πορείας
576 1809 714 1877 καὶτοῦ
732 1811 833 1895 πλοῦ,
860 1808 941 1886 τοῦς
958 1807 1021 1896 μὲν
1038 1807 1084 1888 αῖς
1101 1801 1179 1894 πεζῇ

219 1908 333 1986 ἰόντας
348 1907 658 1996 παρασκευάζεσθαι
672 1911 706 1988 ές
718 1908 881 1998 τετάρτην
895 1908 1035 1998 ἡμέραν,
1048 1908 1131 1988 τοῦς
1144 1906 1177 1977 δὲ

217 2007 286 2094 ἅμα
316 2004 352 2076 ol
381 2009 545 2088 πλέοντας
560 2007 623 2088 ’ῦς
656 2014 704 2088 είς
737 2011 891 2098 πέμπτην
917 2011 1175 2096 πλευσομένους.

182 2117 198 2167 3
218 2110 350 2177 ἐκεῖθεν
376 2109 415 2177 δέ
440 2114 728 2196 κατακομισθῆναι
755 2111 811 2178 έπλ
836 2115 894 2197 τῆς
920 2116 1036 2196 κλίνης
1061 2109 1106 2188 ῦς
1125 2110 1176 2177 ἐπὶ

215 2210 277 2278 τὸν
291 2210 456 2297 ποταμόν,
473 2211 531 2278 καὶ
550 2210 713 2298 ἐπιβάντα
726 2218 849 2280 πλοίου
864 2215 1061 2280 διαπλεῦσαι
1074 2210 1176 2297 πέραν
1186 2229 1207 2270 ν

215 2314 276 2378 τοῦ
295 2316 449 2397 ποταμοῦ
464 2313 498 2390 ἐς
511 2311 572 2378 τὸν
589 2311 807 2398 παράδεισον,
825 2309 924 2380 κάκεῑ
939 2303 1039 2404 αῦθις
1053 2311 1176 2378 λουσά-

214 2436 317 2498 μενον
332 2410 580 2480 άναπαάεσθαι.
611 2414 644 2490 ές
662 2411 701 2480 δὲ
713 2409 777 2498 τὴν
789 2411 976 2501 ὑστεραίαν
989 2411 1180 2480 λούσασθαί

214 2536 250 2578 τε
277 2503 379 2590 αῦθις
412 2515 469 2580 καὶ
502 2515 608 2580 θῦσαι
641 2512 682 2578 τά
708 2512 920 2600 νομιζόμενα·
960 2513 1017 2580 καὶ
1043 2519 1092 2590 είς
1116 2511 1177 2596 τὴν
1242 2522 1243 2525 ’

214 2610 370 2698 καμάραν
397 2613 595 2682 εἰσελθόντα
619 2622 838 2681 κατακεῖσθαι
864 2615 1177 2702 διαμυθολογοῦντα

214 2711 300 2799 πρὸς
329 2712 480 2799 Μήδιον·
513 2722 736 2804 παραγγεῖλαι
771 2712 809 2780 δέ
843 2717 899 2783 καὶ
925 2727 996 2794 τοῖς
1021 2711 1207 2800 ἡγεμόσινθ

179 2826 197 2874 4
214 2809 402 2898 άπαυτὴσαι
429 2816 545 2884 ἕωθεν.
590 2815 700 2881 ταῦτα
724 2813 896 2901 πράξαντα
914 2819 1088 2900 δειπνῆσαι
1104 2810 1175 2880 ὀλί-

214 2930 292 2995 γον·
320 2914 523 2999 κομισθέντα
538 2919 557 2981 δ
561 2913 576 2982 ὲ
590 2905 692 2993 αὖθις
708 2916 740 2993 ές
754 2914 815 3000 τὴν
829 2915 983 3004 καμάραν
997 2914 1175 3005 πυρέσσειν

213 3007 278 3096 ἤδη
311 3013 458 3097 ξυνεχῶς
492 3013 555 3100 τὴν
587 3013 713 3082 νόκταθ
725 3012 823 3102 ὅλην·
871 3018 914 3104 τῇ
947 3014 984 3084 δέ
1016 3013 1175 3103 ὑστεραία

214 3108 404 3178 λοῦσασθαι
430 3117 487 3180 καί
514 3113 725 3201 λουσάμενον
744 3117 859 3184 θῦσαι.
905 3115 1047 3206 Νεάρχῳ
1066 3113 1103 3182 δὲ
1118 3117 1173 3181 καὶ

212 3221 282 3286 τοῖς
301 3204 414 3289 ἄλλοις
431 3209 572 3298 ἡγεμόσι
588 3223 811 3302 παραγγεῖλαι
831 3213 871 3283 τά
886 3213 972 3303 ἀμφὶ
990 3215 1050 3283 τὸν
1067 3219 1173 3283 πλοῦν
1184 3239 1204 3280 ει

214 3304 306 3384 ὅπως
325 3312 416 3374 ἔσται
435 3313 602 3398 έςτρίτην
620 3312 762 3402 ἡμέραν.
804 3320 846 3404 τῇ
860 3315 898 3383 δὲ
915 3314 1077 3404 ῦστεραίμ
1094 3315 1173 3382 λοῦ·

214 3414 340 3472 σασθαι
371 3400 472 3492 αὖθις
490 3409 547 3476 καί
564 3413 670 3478 θῦσαι
687 3413 728 3480 τῦ
745 3415 942 3502 τεταγμένα,
969 3413 1083 3484 καὶτὰ
1103 3415 1172 3503 ίερὰ
