2620 3924
213 154 276 218 140
569 105 821 211 mmmm

213 295 455 380 ξυμμετασχεῖν
476 297 714 380 ΠαρμενίωναΙ
726 297 773 378 τῷ
788 291 883 357 παιδὶ
903 297 966 358 τοῦ
988 293 1176 378 βουλεύμα-

212 419 284 473 τος·
315 393 419 479 τυχόν
434 395 472 462 δὲ
485 393 562 486 ότι,
586 396 618 460 εί
635 395 692 460 καί
707 391 751 478 μῆ
767 395 984 478 ξυμμετέσχε,
1008 391 1179 478 σφαλερός

212 495 278 580 ῆδη
299 489 344 581 ῆν
365 495 493 582 περιιόν
516 498 722 581 Παρμενίων
743 499 805 560 τοῦ
827 492 947 572 παιδός
968 493 1075 560 αύτοῦ
1095 493 1177 578 ἀνη-

214 597 379 681 ρημένου,
415 598 454 663 έν
481 597 629 681 τοσαύτῃ
656 594 706 663 νίν
733 594 868 673 ἀξιύσει
900 595 992 680 παρά
1023 618 1059 660 τε
1086 593 1178 679 αύτῷ

211 691 418 784 Ἀλεξάνδρῳ
440 698 496 762 καί
519 699 554 775 ἐς
580 695 618 762 τό
641 695 725 763 ἀλλο
748 696 958 781 στράτευμα,
986 692 1032 780 μὴ
1059 694 1112 762 ὅτι
1138 692 1206 766 τόε

214 797 471 881 Μακεδονικόν,
501 795 587 863 ἀλλά
603 799 743 863 καὶτῶν
758 795 872 862 ἄλλων
888 797 1009 879 ξένων,
1033 788 1082 862 ύν
1097 799 1179 860 πολ·

215 898 311 974 λύκις
338 899 395 962 καὶ
423 899 462 964 έν
495 903 541 983 τῷ
569 900 663 983 μέρει
695 897 752 963 καί
780 894 871 982 παρά
902 894 941 961 τό
968 896 1068 980 μέρος
1096 893 1180 960 κατὰ

216 999 399 1080 πρόσταξιν
420 996 484 1083 τῆν
503 996 725 1082 Ἀλεξάνδρου
747 996 810 1076 ξύν
832 998 942 1081 χάριτι
965 997 1124 1080 ἐξηγεῖτο.

163 1108 206 1186 ἓξ
304 1100 453 1181 Λέγουσι
474 1098 512 1164 δὲ
526 1098 583 1163 καὶ
595 1096 761 1182 Ἀμύνταν
782 1095 843 1163 τόν
855 1095 1076 1182 Ἀδρομένους
1095 1092 1180 1162 κατά

216 1197 277 1265 τόν
297 1197 402 1265 αύτδν
425 1199 550 1284 χρόνον
571 1196 769 1283 ὑπαχθῆναι
790 1199 825 1275 ές
851 1201 966 1284 κρίσιν
993 1198 1049 1262 καὶ
1070 1198 1222 1272 nou-10

217 1323 313 1384 μωνα
345 1301 401 1366 καὶ
433 1298 595 1365 ’Ἀτταλον
632 1301 689 1365 καὶ
723 1302 873 1384 Σιμμίαν
907 1297 986 1375 τούς
1015 1297 1180 1382 Ἀμύντου

217 1400 406 1486 ἀδελφούς,
430 1399 474 1477 ἀς
496 1400 787 1485 ξυμμετασχόντας
809 1402 865 1464 καὶ
888 1396 1012 1476 αύτούς
1027 1403 1085 1483 τῆς
1108 1399 1179 1464 έπι-

217 1505 344 1585 βουλῆς
370 1506 429 1584 τῆς
455 1499 529 1566 κατ’
555 1499 777 1586 Ἀλεξάνδρου
807 1499 892 1566 κατὰ
918 1504 1032 1566 πίστιν
1060 1523 1096 1566 τε
1124 1500 1181 1564 καὶ

186 1621 202 1668 2
220 1601 370 1686 ἑταιρίαν
390 1599 454 1684 τῆν
476 1601 623 1668 Φιλύτα.
650 1601 708 1666 καί
731 1601 842 1666 έδόιιει
863 1600 1043 1685 πιστοτέρα
1063 1598 1085 1684 ῆ
1109 1601 1180 1666 ἑπι-

218 1699 326 1786 βουλῆ
343 1702 379 1778 ές
392 1698 430 1766 τό
445 1705 587 1786 πλῆθος,
610 1699 663 1766 ότι
677 1701 855 1785 Πολέμων,
875 1693 923 1777 εἷς
936 1706 1005 1766 τῶν
1020 1699 1180 1784 ἀδελφοῖν
1193 1731 1219 1774 15

219 1807 288 1867 τάν
319 1801 485 1887 Ἀμύντου
492 1850 511 1890 „
536 1803 790 1886 ξυλληφθέντος
823 1802 959 1870 Φιλύτα
989 1805 1117 1887 ἔφυγεν
1141 1803 1181 1878 ές

219 1904 299 1981 τούς
313 1907 503 1988 πολεμίους.
538 1901 612 1968 ἀλλ’
631 1902 794 1988 Ἀμύντας
807 1925 846 1986 γε
861 1901 923 1979 ξύν
938 1912 1007 1980 τοῖς
1022 1900 1182 1987 ἀδελφοῖς

219 2000 403 2088 ὑπομείνας
422 2002 484 2090 τῆν
500 2005 599 2087 δίκην
614 2008 675 2068 καί
693 2002 988 2086 ἀπολογησάμενος
1010 2002 1048 2068 έν
1062 2007 1181 2068 Μακε-

221 2105 297 2171 δόσι
318 2109 490 2188 καρτερῶς
516 2101 650 2188 ἀφίεται
670 2109 730 2187 τῆς
757 2104 879 2180 αἰτίας·
924 2104 981 2169 καί
1009 2101 1114 2180 εύθύς
1136 2101 1182 2181 ἀς
1308 2117 1309 2134 ’

220 2203 397 2288 ἀπέφυγεν
430 2205 469 2270 έν
500 2209 542 2290 τῆ
576 2205 737 2290 ἐκκλησίᾳ
768 2203 913 2288 ἠξίωσεν
945 2203 1116 2288 ἐφεθῆναί
1148 2204 1184 2269 οί
1194 2235 1221 2275 ω

223 2305 340 2373 έλθεῖν
361 2302 452 2388 παρά
473 2301 533 2370 τὸν
558 2302 709 2389 ἀδελφόν
736 2304 793 2370 καὶ
821 2306 1048 2388 ἐπαναγαγεῖν
1075 2303 1181 2371 αύτόν

187 2406 303 2492 ιπαρ’
323 2404 558 2489 Ἀλέξανδρον·
583 2406 639 2470 καὶ
661 2405 700 2470 ot
716 2406 915 2484 Μακεδόνες
936 2407 1179 2490 ξυγχωροῦσιν.

222 2506 241 2574 ό
264 2507 302 2574 δὲ
317 2503 478 2576 ἀπελθόν
493 2503 578 2591 αύτῇ
593 2511 634 2591 τῇ
655 2504 763 2592 ἡμέρᾳ
777 2503 837 2572 τὸν
852 2507 1040 2592 Πολέμωνα
1056 2507 1182 2590 ἐπανῆ-

221 2630 319 2692 γαγε·
354 2607 411 2672 καί
437 2607 543 2692 ταύτη
564 2605 653 2674 πολύ
675 2610 724 2674 ἔτι
744 2611 875 2692 μᾶλλον
900 2606 923 2692 ἢ
944 2608 1098 2690 πρόσθεν
1119 2609 1181 2685 ἔξω

222 2710 331 2787 αἰτίας
348 2708 458 2794 έφάνη
469 2708 641 2794 Ἀμύντας.
672 2706 748 2774 ἀλλ’
764 2707 882 2792 ὀλίγον
896 2731 935 2792 γε
949 2706 1095 2791 ὕστερον
1115 2708 1180 2773 κοί-
1193 2737 1221 2780 ες

222 2836 289 2897 μην
300 2808 377 2876 τινά
386 2815 580 2894 πολιορκῶν
590 2808 762 2887 τοξευθεὶς
777 2811 816 2876 έκ
830 2815 890 2894 τῆς
903 2813 1033 2894 πληγῆς
1048 2809 1182 2876 ἐτελεύ-

222 2929 336 2998 τησεν,
352 2909 439 2977 έίστε
454 2910 557 2978 ούδέν
572 2911 675 2976 πλέον
690 2909 782 2996 αύτῷ
797 2915 976 2994 γίγνεσθαι
990 2909 1053 2994 τῆν
1068 2913 1182 2992 κρίσιν

221 3012 436 3098 ἀποφυγόντι
458 3010 509 3078 ὅτι
530 3011 575 3096 μῆ
597 3009 714 3096 ἀγαθῷ
736 3014 940 3096 νομιζομένῳ
962 3009 1161 3078 ἀποθανεῖν.

188 3130 207 3178 4
304 3113 521 3196 Ἀλέξανδρος
542 3112 595 3195 δέ,
622 3112 831 3196 καταστήσας
853 3114 908 3178 έπί
929 3109 1009 3189 τούς
1030 3111 1184 3198 ἑταίρους
1306 3151 1309 3182 ι

224 3214 391 3298 ίππύρχας
412 3213 488 3295 δύο,
506 3210 735 3295 Ἡφαιστίωνά
761 3235 798 3278 τε
823 3209 885 3278 τόν
904 3210 1105 3297 Ἀμύντορος
1126 3215 1183 3277 καί
1196 3241 1223 3284 ω

223 3317 368 3380 Κλεῖτον
388 3311 449 3377 τὸν
463 3313 666 3394 Δρωπίδου,
688 3313 745 3380 καί
767 3313 844 3396 δίχα
861 3311 984 3379 διελών
1005 3311 1067 3398 τῆν
1088 3313 1183 3390 τάξιν

222 3419 292 3482 τοῖν
324 3413 484 3498 ἑταίρων,
517 3408 569 3480 ὅτι
598 3410 678 3480 οὐδὲ
711 3415 822 3497 φίλων
855 3413 897 3479 ἀν
928 3412 1092 3498 ἠβούλετο
1122 3413 1184 3480 ἕνα
