2620 3924
483 173 665 226 ΑΝᾹΒΑΣΙΣ
682 177 712 238 4,
731 176 755 229 1.
1035 172 1096 236 149

127 357 201 398 τινα
216 359 219 364 ·
235 334 364 416 μάλλον
396 326 561 418 ῶγύρουν.
617 330 880 419 ξυνεπελάβοντο
913 330 951 400 δὲ
983 327 1130 410 αύτοῑςὸ

129 436 187 516 τῆς
226 427 439 510 ἀποστάσεως
472 432 529 500 καί
563 436 633 500 τῶν
666 435 866 518 Σογδιανῶν
898 435 934 500 ολ
964 438 1096 518 πολλοί,

131 529 334 620 ἐπαρθέντες
360 525 445 618 πρός
470 537 539 600 τῶν
566 531 802 620 ξυλλαβόντων
828 537 982 619 Βῆσσον,
1014 530 1097 601 ῶστε

130 632 187 699 καί
212 632 281 700 τῶν
306 637 523 717 Βακτριανῶν
556 637 645 701 ἔστιν
677 631 739 712 ούς
763 652 878 719 σφισιν
901 623 993 702 οὗτοι
1014 634 1120 713 {vv-¹

101 733 335 818 εαπέστησαν,
363 741 429 802 είτε
447 731 490 820 δή
507 733 563 801 καὶ
581 737 757 812 δείσαντας
772 731 1005 820 Ἀλέξανδρον,
1032 733 1097 802 εἴτε

128 833 186 900 καὶ
213 831 314 918 λόγον
342 834 397 900 ἐπὶ
423 838 466 920 τῇ
493 830 675 904 ἀποστάσει
702 833 867 920 διδόντες,
901 831 951 902 ὅτι
977 835 1010 913 ές
1037 836 1097 902 ἕνα

127 933 294 1019 ξύλλογον
332 934 526 1020 ἐπηγγέλκει
556 932 773 1023 Ἀλέξανδρος
808 937 987 1015 ξυνελθεῖν
1019 932 1098 1014 τούς

127 1032 303 1124 ὑπάρχους
335 1035 396 1120 τῆς
428 1033 537 1122 χῶρας
569 1037 696 1122 ἐκείνης
731 1041 778 1115 εἰς
807 1041 1001 1130 Ζαρίασπα,
1034 1033 1097 1122 την

126 1143 289 1222 μεγίστην
307 1133 416 1221 πόλιν,
437 1133 481 1214 ῶς
500 1133 555 1204 ἐπ’
575 1131 696 1227 ἀγαθῷ
715 1133 833 1204 ούδενλ
851 1141 912 1204 τού
930 1134 1096 1221 ξυλλόγου

89 1263 116 1302 ιο
131 1236 343 1323 γιγνομένου.

213 1340 326 1406 Ταῦτα
345 1327 390 1416 ῶς
412 1333 608 1424 ἀπηγγέλθη
624 1333 845 1428 Ἀλεξάνδρῳ,
871 1338 1133 1423 παραγγείλας2

128 1452 199 1518 τοῖς
232 1444 340 1520 πεζοῖς
372 1435 456 1504 κατά
491 1435 610 1522 λόχους
644 1443 805 1524 κλίμακας
830 1448 1000 1506 ποιεῖσθαι
1025 1434 1098 1506 ὅσαι

132 1539 260 1629 ἑκάστῳ
293 1536 382 1628 λόγῳ
415 1539 688 1628 ἐπηγγέλθησαν,
724 1535 827 1618 αύτός
860 1537 923 1624 μὲν
957 1538 1010 1606 ἐπὶ
1036 1537 1098 1624 τὴν

129 1637 267 1726 πρῶτην
306 1636 371 1706 ἀπὸ
409 1643 471 1706 τού
510 1639 738 1724 στρατοπέδου
776 1637 959 1726 ὁρμηθέντι
999 1637 1099 1708 πόλιν
1146 1696 1151 1701 .

89 1764 115 1805 15
132 1733 334 1828 προύχῶρει,
362 1729 386 1826 ᾖ
412 1736 517 1826 ὄνομα
543 1731 586 1826 ἦν
613 1738 715 1821 Γάζα·
744 1741 778 1819 ἐς
804 1738 868 1826 γάρ
888 1737 969 1808 ἑπτά
986 1739 1098 1819 πόλεις

131 1841 406 1926 συμπεφευγέναι
433 1840 587 1925 ἐλέγοντο
608 1844 643 1908 ολ
659 1841 695 1908 ἐκ
712 1842 771 1926 τῆς
789 1839 899 1927 χῶρας
915 1835 1096 1928 βάρβαροι·

131 1939 307 2028 Κράτερον
325 1939 363 2009 δὲ
382 1941 540 2028 ἐκπέμπει
553 1940 637 2028 πρός
654 1939 718 2026 τήν
732 1941 944 2027 καλουμένην
958 1941 1097 2028 Κυρού-
1116 1959 1131 2006 2

131 2049 246 2129 πολιν,
287 2039 372 2129 ἥπερ
412 2047 549 2128 μεγίστη
588 2046 706 2109 πασῶν
745 2040 801 2110 καὶ
843 2043 876 2120 ές
915 2035 1022 2128 αύτὴν
1065 2045 1102 2110 οί

132 2150 280 2211 πλεῖστοι
298 2143 542 2229 ξυνειλεγμένοι
554 2134 641 2228 ἦσαν
654 2143 723 2210 τῶν
740 2138 931 2230 βαρβάρων.
967 2140 1098 2232 παρήγ-

91 2269 117 2308 νο
132 2250 229 2328 γελτο
256 2241 295 2311 δὲ
312 2240 404 2332 αὐτῷ
431 2246 712 2330 στρατοπεδεῦσαι
735 2248 878 2330 πλησίου
895 2247 953 2329 τῆς
971 2241 1099 2322 πόλεως

132 2343 190 2411 καὶ
216 2342 344 2431 τάφρον
361 2368 397 2410 τε
424 2344 461 2411 ἐν
487 2342 603 2434 κύκλῳ
621 2339 724 2430 αὐτῆς
750 2341 869 2432 ὀρύξαι
895 2343 951 2410 καί
969 2342 1099 2431 χάρακα

133 2443 372 2530 περιβαλέσθαι
398 2443 453 2511 καλ
479 2441 538 2523 τάς
562 2441 714 2530 μηχανάς
740 2441 834 2524 ὅσαις
851 2445 996 2530 χρῆσθαι
1013 2445 1099 2532 ξυμ·

132 2543 314 2630 πηγνύναι,
334 2541 378 2623 ῶς
395 2542 480 2632 πρός
497 2543 577 2624 τούς
595 2543 681 2632 ἀμφὶ
695 2544 869 2631 Κράτερον
886 2543 948 2631 τὴν
961 2543 1100 2632 γνῶμην

131 2645 350 2734 τετραμμένοι
383 2650 419 2713 οί
452 2646 488 2713 έτι
521 2647 579 2731 τῆς
614 2645 743 2725 πόλεως
783 2643 904 2732 ταύτης
940 2642 1101 2714 ἀδύνατοι

93 2735 196 2815 νοῶσι
226 2759 299 2824 ταῖς
332 2743 451 2824 ἀλλαις
491 2745 629 2814 πόλεσιν
662 2747 858 2829 ἐπωφελεῖν.
924 2740 1027 2825 αύτός
1063 2745 1134 2814 δέ3

136 2847 191 2914 ἐπὶ
216 2845 278 2931 τὴν
304 2843 413 2927 Γάζαν
441 2846 512 2914 ἐπεὶ
538 2840 694 2932 ἀφίκετο,
722 2839 767 2925 ῶς
795 2844 883 2932 εἶχεν
911 2846 944 2926 ἐξ
973 2844 1099 2932 ἐφόδου
1161 2931 1163 2934 ¹

135 2953 287 3034 σημαίνει
304 2945 528 3032 προσβάλλειν
553 2951 601 3038 τῷ
619 2954 730 3034 τείχει,
757 2952 865 3038 γηΐνῳ
893 2972 928 3014 τε
954 2947 1010 3014 καλ
1037 2944 1100 3034 ούχ

134 3047 256 3139 ὑψηλῷ
282 3043 372 3133 ὅντε,
406 3048 616 3136 προσθέντας
643 3049 680 3115 έν
705 3045 820 3139 κύκλῳ
846 3045 1017 3116 πάντοθεν
1042 3045 1101 3127 τάς

135 3155 310 3236 κλίμακας·
338 3153 375 3216 ολ
399 3147 437 3216 δὲ
465 3149 687 3235 σφενδονῆται
714 3146 807 3238 αύτῷ
833 3148 888 3216 καλ
916 3153 952 3216 ολ
974 3147 1101 3229 τοξόται

96 3276 170 3321 οοτε
201 3251 257 3318 καλ
291 3253 327 3317 οί
356 3243 547 3318 ἀκοντισταὶ
574 3246 658 3335 ὁμοῦ
685 3251 727 3337 τῇ
757 3248 870 3342 ἐφόδῳ
895 3251 964 3318 τῶν
995 3255 1102 3332 πεζῶν

136 3349 342 3438 ἐσηκόντιζον
369 3356 418 3431 είς
444 3348 523 3428 τούς
550 3348 824 3438 προμαχομένους
851 3347 917 3418 ἀπὸ
943 3353 1004 3420 τοῦ
1031 3359 1101 3419 τεί-

133 3478 215 3538 χους
241 3450 298 3519 καλ
327 3451 408 3540 βέλη
435 3446 502 3518 ἀπό
529 3455 689 3540 μηχανῶν
715 3448 850 3538 ἠφίετο,
885 3449 970 3520 ῶστε
1000 3447 1101 3531 ὀξέως
