2572 3920
430 153 615 206 mmm
633 156 662 219 ι,
683 157 723 206 ιι.
1012 151 1054 216 27
1177 179 1188 202 ι
1255 133 1257 164 ³

85 291 205 382 ήγειτο
225 291 384 381 Νικάνωρ
409 289 427 362 ὁ
446 300 703 383 Παρμενίωνος·
741 295 796 364 ἐπὶ
821 293 860 364 δὲ
881 291 1010 374 τούτοις
1033 291 1054 381 ή

86 400 288 483 Περδίκκου
306 400 366 462 τοῦ
387 392 547 484 Ὀρόντου
565 394 711 483 φάλαγξ·
749 395 803 464 ἐπὶ
827 396 864 464 δέ
888 393 1054 486 ήΚρίνου

84 502 147 564 τοῦ
175 493 473 584 Πολεμοκράτους·
506 496 562 564 ἐπὶ
584 495 623 566 δὲ
647 494 667 583 ή
692 497 867 585 Κρατέρου
885 498 949 566 τού
962 493 1055 565 Ἀλε-
1129 503 1136 516 “
1259 502 1260 520 ’

85 597 257 678 ξάνδρου·
295 596 349 665 ἐπὶ
367 596 406 665 δέ
422 594 443 684 ή
459 593 627 684 Ἀμύντου
644 602 708 665 τοῦ
723 595 981 686 Ἀνδρομένους·
1001 596 1055 664 ἐπὶ

60 698 125 768 ιδὲ
145 691 199 766 τόν
220 701 385 777 Φίλιππος
403 695 422 766 ὁ
437 694 601 785 Ἀμύντου
618 689 710 788 ἦρχε.
740 703 801 766 τοῦ
819 697 858 766 δὲ
875 692 1055 785 εὐωνύμου
1073 717 1090 766 3

34 799 36 804 ’
86 805 218 887 πρῶτοι
234 798 298 886 μέν
315 802 351 867 οί
363 798 521 867 Θετταλοὶ
540 803 653 879 ίππεῐς
671 797 860 888 ἐτάχθησαν
879 791 927 868 τόν
944 796 1056 886 ήγεῐτο

86 899 208 980 Κάλας
232 894 450 984 ὁἈρπάλου·
487 899 542 968 ἐπὶ
559 898 598 967 δὲ
614 898 744 980 τούτοις
763 905 798 969 οί
815 897 980 990 ξύμμαχοι
998 903 1013 967 ί
1038 935 1056 946 -

86 1015 185 1088 πείς,
221 993 270 1070 ὧν
293 993 375 1090 ήρχε
397 1006 562 1080 Φίλιππος
587 997 605 1068 ὁ
625 999 825 1072 Μενελάου·
846 1001 901 1069 ἐπὶ
919 1000 958 1069 δὲ
974 998 1056 1068 τού-

85 1129 154 1182 τοις
174 1105 213 1171 οί
225 1106 366 1192 Θρᾷκες,
386 1093 435 1170 οἷν
448 1093 550 1189 ἦρχεν
564 1098 736 1187 Ἀγάθων·
759 1101 907 1191 ἐχόμενοι
924 1100 962 1170 δὲ
975 1098 1037 1170 τού
1042 1139 1057 1149 -

52 1234 75 1273 ιο
87 1230 156 1272 των
175 1203 270 1285 πεζοὶ
289 1201 310 1289 ή
326 1228 363 1270 τε
381 1204 555 1291 Κρατέρου
582 1201 713 1291 φάλαγξ
739 1203 797 1270 καὶ
813 1197 834 1290 ή
854 1201 1056 1290 Μελεάγρου

88 1305 145 1371 καὶ
169 1303 192 1391 ἡ
223 1309 394 1374 Φιλίππου
421 1308 495 1371 ἐστε
522 1301 576 1369 ἐπὶ
606 1298 644 1371 τὸ
667 1304 772 1390 μέσον
794 1307 855 1391 τῆς
880 1302 1057 1391 ξυμπάσης

89 1404 225 1487 τάξεως.

166 1511 317 1592 Περσων
331 1504 370 1574 δὲ
384 1510 496 1586 ἱππεῖς
509 1504 573 1593 μέν
590 1497 678 1592 ἦσαν
692 1507 731 1585 ἐς
739 1509 952 1596 δισμυρίους,
970 1505 1058 1588 ξένοι
1074 1524 1093 1573 4

92 1605 130 1674 δὲ
148 1607 242 1690 πεζοὶ
264 1605 467 1695 μισθοφόροι
491 1604 607 1692 ὀλίγον
631 1603 830 1688 άποδίοντες
855 1611 1057 1696 δισμυρίων·

59 1707 287 1795 ιτέτάχθησαν
310 1706 348 1775 δὲ
366 1705 427 1794 τήν
444 1707 508 1796 μὲν
524 1711 630 1776 ’ίππον
647 1713 906 1798 παρατείναντες
929 1713 976 1799 τῷ
994 1709 1059 1774 πο-

93 1814 186 1900 ταμῷ
213 1806 296 1876 κατὰ
320 1805 383 1894 τήν
406 1805 514 1896 όχθην
539 1809 595 1877 ἐπὶ
617 1808 775 1895 φάλαγγα
796 1805 948 1899 μακράν,
979 1805 1059 1885 τούς

96 1908 133 1977 δὲ
156 1907 277 1992 πεζούς
297 1907 436 1978 κατόπιν
452 1915 522 1978 τῶν
540 1910 685 1978 ἱππίων·
721 1909 778 1977 καὶ
800 1907 864 1997 γάρ
881 1907 1060 1996 ύπερδίξια
1161 1959 1165 1970 ,

95 2002 138 2095 ἦν
154 2009 197 2080 τὰ
215 2007 304 2099 ὑπὲρ
316 2008 379 2096 τήν
392 2006 503 2098 ὄχθην
519 2016 634 2099 χωρία.
665 2001 690 2100 ᾗ
708 2009 747 2078 δὲ
762 2003 981 2098 Ἀλέξανδρον
994 2003 1058 2076 αύ-

96 2107 156 2179 τόν
173 2110 361 2198 καθεώρων
374 2109 491 2199 (δῆλος
505 2110 571 2198 γάρ
586 2103 632 2198 ἦν
648 2115 769 2180 τόντε
786 2109 902 2180 ὅπλων
913 2111 957 2200 τή
974 2117 1059 2196 λαμ-

66 2237 88 2278 ιο
99 2212 237 2301 πρότητι
253 2210 309 2280 καὶ
326 2217 394 2280 τῶν
416 2206 496 2299 ἄμφ’
516 2209 623 2281 αύτδν
640 2216 683 2300 τῇ
701 2211 767 2280 σύν
785 2210 936 2299 ἐκπλήξει
953 2219 1060 2299 θερα-

99 2313 193 2404 πεί)
224 2311 309 2381 κατά
335 2311 373 2380 τό
405 2308 586 2400 εύοόνυμον
616 2315 713 2400 σφων
745 2314 922 2400 ἐπέχοντα,
953 2309 1059 2399 ταύτη

100 2412 230 2494 πυκνάς
249 2414 409 2495 ἐπέταξαν
427 2417 469 2502 τῇ
486 2411 575 2502 όχθη
594 2411 654 2492 τάς
673 2421 746 2492 ίλας
762 2418 832 2481 τῶν
850 2413 991 2481 ἱππίων.

174 2513 312 2604 Χρόνον
335 2513 398 2602 μὲν
422 2513 464 2600 δή
488 2511 661 2601 άμφότερα
687 2511 728 2582 τά
752 2511 981 2602 στρατεύματα
1005 2507 1059 2580 ἐπ’
1078 2526 1095 2577 5

101 2613 205 2707 όικρου
228 2619 291 2683 τοῦ
308 2619 460 2702 ποταμοῦ
481 2607 669 2702 Ιἐφεστῶτες
692 2611 762 2682 ὑπό
785 2619 847 2700 τού
870 2613 908 2682 τό
936 2614 1061 2700 μέλλον

69 2741 91 2781 ει
103 2713 217 2786 ὀκνεῖν
234 2713 380 2802 ἡσυχίαν
402 2707 488 2802 ήγον
505 2715 561 2783 καὶ
579 2713 658 2800 σιγή
676 2706 720 2801 ήν
738 2713 844 2802 πολλή
863 2711 924 2802 ἀφ’
946 2713 1061 2782 ἕκατί·
1141 2757 1147 2768 -

103 2844 180 2903 ρων.
216 2820 253 2885 οί
274 2815 340 2906 γάρ
359 2817 494 2904 Πέρσαι
520 2816 728 2904 προσέμενον
745 2813 826 2893 τούς
845 2813 1061 2900 Μακεδόνας,

103 2915 198 2987 ὁπότε
224 2915 420 3004 ἐσβήσονται
443 2919 477 2996 ἐς
505 2915 566 2985 τόν
589 2915 715 3003 πόρον,
745 2911 790 2994 ὡς
822 2914 1062 3001 ἐπικεισόμενοι

106 3019 334 3106 ἐκβαίνουσιν·
366 3013 583 3104 Ἀλέξανδρος
608 3015 647 3084 δέ
670 3010 890 3103 άναπηδήσοις
922 3017 977 3083 ε’πὶ
1002 3014 1098 3084 τόνσ

105 3121 207 3188 ἵππον
224 3117 368 3198 καὶτοῖς
387 3115 473 3207 ἄμφ’
493 3115 600 3186 αύτὸν
621 3115 901 3204 ἐγκελευσάμενος
920 3119 1067 3186 ἕπεσθαί

76 3237 136 3290 ατε
154 3221 210 3288 καὶ
229 3217 356 3308 ἄνδρας
374 3215 524 3305 ιἰγαθαύς
541 3225 716 3305 γίνεσθαι,
737 3216 817 3298 τούς
834 3217 897 3306 μὲν
914 3217 1064 3306 προδρό-

106 3349 185 3406 μους
204 3322 325 3400 ίππίας
343 3321 399 3388 καὶ
416 3318 484 3407 μήν
501 3321 558 3388 καὶ
575 3317 655 3400 τούς
674 3325 825 3399 Παίονας
843 3318 1064 3407 προεμβάλλει

108 3428 151 3503 είς
173 3420 236 3491 τόν
262 3418 414 3509 ποταμόν
445 3425 563 3508 ἔχοντα
587 3417 754 3508 Ἀμύνταν
779 3420 839 3488 τόν
863 3414 1064 3508 Ἀρραβαίου
