2572 3920
457 138 643 192 ΑΝΑΒΑΣΙΣ
662 142 686 204 1,
704 143 728 190 ν.
747 143 771 192 3.
1074 139 1095 203 5

127 280 206 360 τούς
242 279 475 368 σφενδονήτας
508 281 753 368 προεκθέοντας
791 280 965 350 ἐκέλευσεν
1000 282 1093 350 έκτο·

76 403 79 410 ’
128 382 236 465 ξεάειν
252 409 290 452 τε
307 384 365 450 καὶ
384 387 575 469 σφενδονᾶν
595 385 627 462 ές
644 380 724 462 τοδς
742 381 952 471 βαρβάρους,
977 393 1011 451 εί
1024 407 1094 462 ποις

127 483 368 572 προκαλέσαιτο
387 480 512 564 αὐτοδς
531 485 563 562 ές
581 481 622 551 τά
648 481 730 565 ψιλά
756 485 791 552 ἐκ
808 488 870 551 τοῦ
888 483 1027 564 νάπους.
1063 488 1098 552 ολ
1113 499 1129 548 5

128 585 165 654 δὲ
183 578 229 665 τός
249 581 346 664 ἐντός
363 585 484 671 βέλους
504 586 677 671 ἐγένοντο,
696 581 869 672 παιόμενοι
888 585 1022 666 ἐξέθεον
1041 585 1095 652 έπὶ

91 685 206 766 ετοδς
232 685 389 770 τοξότας,
420 680 510 765 ὅπως
538 688 571 765 ἐς
593 700 706 774 χεῖρας
733 687 928 773 ξυμμίξειαν
954 700 1096 774 γυμνοῖς

127 779 204 859 οὖσι
227 801 307 866 ’τοῖς
333 785 489 868 τοξόταις.
528 783 742 877 Ἀλέξανδρος
771 786 810 854 δέ
835 781 879 866 άς
906 785 1096 875 προήγαγεν

127 885 255 968 αότοός
276 889 312 956 ἐκ
329 890 388 973 τῆς
405 886 515 974 νάπης
533 889 607 974 ἔξω,
631 887 786 958 Φιλώταν
802 888 866 976 μὲν
885 887 1097 974 άναλαβόντα

125 988 205 1070 τοδς
226 991 263 1058 έκ
281 993 340 1076 τής
364 986 500 1057 άνωθεν
518 993 735 1069 Μακεδονίας
759 990 879 1069 ἱππέας
896 990 1098 1079 προσέταξεν

128 1089 309 1178 ἐμβάλλειν
333 1087 418 1158 κατά
436 1087 473 1158 τό
498 1089 598 1178 κέρας
623 1087 660 1158 τό
687 1089 815 1178 δεξιόν,
843 1083 930 1180 ήπερ
957 1090 1097 1178 μάλιστα

93 1215 115 1256 ιο
127 1187 456 1279 προύκεχωρήκεσαν
470 1192 506 1258 έν
519 1196 562 1279 τῇ
577 1192 739 1280 ἐκδρομή·
753 1185 976 1280 Ἡρακλείδην
990 1191 1027 1260 δέ
1041 1193 1097 1260 καὶ

128 1292 292 1363 Σώπολιν
305 1291 392 1370 τούς·
401 1292 436 1358 ἐκ
445 1297 618 1370 Βοττιαίας
627 1319 662 1374 τε
671 1293 728 1358 καὶ
739 1287 965 1380 Ἀμφιπόλεως
976 1294 1097 1371 ἱππέας

127 1392 211 1464 κατὰ
244 1391 282 1462 τό
315 1389 495 1480 εὕοόνυμον
524 1392 623 1479 κέρας
655 1391 789 1478 ἐπάγειν
820 1395 922 1474 ἔταξε.
966 1391 1029 1480 τήν
1060 1393 1131 1462 δδθ

128 1495 290 1583 φάλαγγα
313 1498 383 1562 τῶν
406 1497 514 1576 πεζαῖν
538 1494 595 1562 καὶ
617 1491 680 1580 τήν
704 1492 811 1581 άλλην
828 1491 933 1563 ἵππον
956 1493 1021 1584 πρό
1039 1501 1098 1582 τῆς

128 1595 304 1684 φάλαγγος
322 1600 524 1684 παρατείνας
548 1593 631 1664 κατά
656 1595 779 1682 μέσους
803 1598 915 1681 ἐπήγε.
950 1597 1007 1664 καὶ
1026 1601 1098 1666 ἔστε

93 1721 116 1761 15
128 1697 192 1786 μὲν
210 1694 452 1785 ἀκροβολισμός
466 1693 540 1782 παρ’
563 1697 726 1784 ἑκατέρων
743 1690 786 1784 ήν
804 1702 839 1766 οἱ
860 1698 1039 1784 Τριβαλλοὶ
1057 1695 1097 1766 ού

128 1813 227 1887 μεῖον
247 1796 356 1884 εἶχον·
383 1795 427 1876 ὦς
445 1797 484 1865 δὲ
500 1797 529 1884 ή
540 1825 576 1866 τε
593 1797 723 1885 φάλαγξ
742 1796 853 1884 πυκνή
874 1800 1052 1884 ἐνέβαλλεν
1066 1801 1099 1880 ές

130 1895 260 1980 αότοάς
281 1897 476 1987 ἐρρωμένως
495 1899 550 1966 καὶ
569 1903 604 1966 oc
623 1903 735 1979 ἱππεῖς
752 1896 815 1967 οάκ
833 1896 1022 1990 ἀκοντισμῷ
1042 1905 1099 1986 ἔτι,

129 1995 203 2070 ἄλλ’
236 1997 351 2078 αὐτοῖς
382 2013 451 2080 τοῖς
482 2003 594 2080 ἵπποις
622 1995 794 2080 ιόθοῦντες
817 1997 905 2089 ’άλλη
930 2001 987 2068 καὶ
1013 1998 1098 2090 άλλη

130 2103 377 2190 προσέπιπτον,
402 2098 478 2170 τότε
500 2097 542 2188 δή
562 2100 751 2189 ἐτράπησαν
768 2099 902 2170 διάτοῦ
919 2101 1049 2181 νάπους
1068 2104 1100 2180 ἐς

94 2231 118 2272 ιο
130 2203 195 2274 τόν
208 2201 369 2290 ποταμόν.
401 2201 457 2269 καὶ
470 2199 724 2290 ἀποθνήσκουσι
741 2201 804 2290 μέν
820 2209 994 2291 τρισχίλιοι
1008 2205 1044 2271 έν
1058 2209 1099 2293 τή
1118 2217 1133 2268 7

131 2309 248 2393 φυγή,
271 2309 390 2386 ζῶντες
408 2301 446 2372 δὲ
463 2301 571 2391 όλίγοι
588 2304 644 2372 καὶ
661 2302 792 2372 τούτων
811 2302 1026 2390 ἐλήφθησαν,
1049 2302 1100 2372 ὅτι

130 2403 198 2492 ὕλη
216 2431 252 2474 τε
270 2409 389 2472 δασεῖα
406 2403 471 2493 πρὸ
488 2410 550 2472 τοῦ
564 2409 715 2491 ποταμοῦ
732 2396 776 2491 ήν
792 2405 849 2472 καὶ
866 2403 928 2486 νδξ
948 2407 1099 2490 ἐπιγενο-

131 2509 218 2594 μένη
236 2503 298 2592 τήν
316 2502 487 2591 άκρίβειαν
504 2511 561 2592 τής
588 2505 732 2587 διάξεως
749 2505 904 2593 άφείλετο
921 2503 1001 2585 τοδς
1019 2515 1100 2575 Μα-

130 2606 285 2686 κεδόνας.
305 2603 420 2674 αὐτῶν
433 2604 471 2674 δὲ
482 2607 694 2676 Μακεδόνων
706 2609 899 2693 τελευτῆσαι
908 2607 996 2691 λέγει
1009 2617 1099 2676 Πτο-
1114 2681 1118 2688 ,

95 2716 272 2795 εελεμαῖος
299 2707 419 2784 ἱππέας
446 2706 508 2794 μὲν
535 2709 671 2794 ἕνδεκα,
699 2706 816 2790 πεζοδς
843 2706 881 2776 δὲ
908 2703 995 2796 άμφὶ
1020 2706 1101 2788 τούς

133 2807 393 2896 τεσσαράκοντα.

208 2906 290 2980 ’And
315 2907 354 2976 δὲ
370 2912 430 2995 τής
447 2908 552 2997 μάχης
570 2923 714 2998 τριταῖος
740 2905 929 2996 ἀφικνεῖται
944 2904 1092 2992 Ἀλέξαν·
1123 2923 1143 2986 3

136 3015 216 3100 δρος
244 3010 297 3078 ἐπὶ
323 3005 386 3078 τόν
411 3009 562 3097 ποταμόν
588 3009 647 3078 τόν
665 3006 816 3100 Ἴστρον,
847 3017 1007 3098 ποταμῶν
1033 3018 1102 3080 τάν

135 3109 219 3180 κατα
241 3108 304 3197 τήν
322 3104 492 3199 Εόράπην
509 3112 665 3198 μέγιστον
689 3110 769 3180 ὅντα
786 3111 843 3180 καὶ
861 3119 1021 3200 πλείστην
1038 3117 1102 3200 γήν

97 3237 123 3280 ιο
138 3210 360 3300 ἐπερχόμενον
385 3206 442 3278 καὶ
468 3217 552 3299 ἔθνη
578 3211 791 3300 μαχιμάτατα
818 3210 1033 3302 ἀπείργοντα,
1059 3211 1100 3282 τά

138 3313 198 3400 μὲν
225 3311 332 3382 πολλοὶ
358 3311 521 3396 Κελτικά,
557 3312 640 3382 ὅθεν
665 3340 705 3399 γε
730 3313 788 3382 καὶ
814 3318 853 3381 αἱ
877 3313 981 3400 πηγαὶ
1007 3310 1134 3404 αάτῷα

137 3410 349 3502 ἀνίσχουσιν,
377 3405 425 3482 οἷν
448 3419 660 3494 τελευταίους
681 3412 860 3494 Κουάδους
884 3415 941 3481 καὶ
959 3425 1100 3503 Μαρκο-
