2620 3924
221 127 280 191 112
570 120 821 182 Αλεωεααεον
877 113 878 118 ’

218 270 256 336 τό
272 271 340 336 πᾶν
354 270 542 355 μεμνῆσθαι
555 266 822 352 ξυγκινδυνεῦόν
836 291 872 334 τε
885 263 1105 358 ἀμελουμένῳ
1123 267 1181 336 καὶ

219 369 264 439 δι’
287 373 473 455 ἐπιμελείας
494 369 732 458 ἐκπονουμένῳ
751 366 1035 454 ξυνορθούμενον.

170 485 211 548 10
301 473 414 538 Ταῦτα
428 471 485 536 καλ
503 473 640 560 τοιαῦτα
659 466 744 535 ἀλλα
758 466 798 535 ού
818 467 925 536 πολλὰ
945 469 1181 555 παρακαλέσας

219 597 254 638 τε
272 572 328 638 καὶ
347 569 650 656 ἀντιπαρακληθεὶς
665 567 749 656 πρὸς
762 570 831 636 τῶν
848 565 1023 654 ήγεμόνων
1035 579 1181 656 θαρρεῖν
1296 653 1297 660 ¹

221 672 276 739 ε’πλ
308 679 420 758 σφίσι,
451 675 743 738 δειπνοποιεῖσθαί
776 695 812 737 τε
849 670 906 736 καὶ
945 667 1208 738 ἀναπαύεσθαιε

222 773 373 840 ἐκέλευσε
390 769 450 838 τόν
473 769 624 858 στρατόν.
668 776 873 858 Παρμενίων
891 768 930 837 δὲ
954 767 1182 856 λέγουσινὸτι

221 871 423 959 ἀφικόμενος
438 869 513 959 παρ’
526 869 633 938 αὐτόν
649 872 704 939 ἐπὶ
718 869 779 956 τήν
794 869 933 957 σκηνήν,
942 870 1077 958 νύκτωρ
1092 893 1181 957 παρ·

220 972 295 1060 η’νει
315 973 493 1040 ἐπιθέσθαι
511 986 582 1050 τοῖς
597 973 758 1060 Πέρσαις·
785 969 1050 1059 ἀπροσδοκήτοις
1066 997 1101 1038 τε
1114 971 1182 1060 γάρ

220 1075 278 1141 καλ
302 1071 623 1159 ἀνατεταραγμένοις
645 1073 703 1155 καὶ
726 1068 794 1158 ἅμα
813 1074 851 1140 ἐν
869 1073 970 1140 νυκτὶ
988 1074 1181 1160 φοβερωτέ-

187 1193 204 1241 2
222 1200 291 1261 ροις
307 1172 534 1259 ἐπιθήσεσθαι.
575 1170 593 1240 ό
612 1171 650 1241 δέ
670 1175 788 1263 ἐκείνῳ
806 1171 868 1259 μὲν
886 1171 1114 1261 ἀποκρίνεται,
1131 1170 1182 1240 ότι
1195 1201 1221 1241 ιο

221 1276 278 1342 καὶ
288 1271 384 1342 ἄλλοι
391 1273 581 1360 κατήκουον
590 1275 658 1340 τῶν
672 1272 797 1359 λόγων,
811 1273 952 1362 αίσχρόν
967 1272 1053 1342 εἶναι
1062 1275 1182 1353 κλέψαι

221 1375 282 1462 τήν
300 1382 412 1462 νίκην,
431 1371 516 1442 ἀλλά
531 1377 687 1461 φανερῶς
703 1375 760 1441 καὶ
774 1371 858 1443 ἀνευ
872 1381 1079 1462 σοφίσματος
1098 1377 1181 1463 χρή-

220 1503 278 1543 ναι
294 1479 426 1561 νικήσαι
439 1473 670 1562 Ἀλέξανδρον
700 1476 757 1542 καὶ
776 1473 814 1542 τό
828 1476 1060 1563 μεγαλήγορον
1074 1473 1181 1544 αύτοῦ

222 1578 324 1644 τούτο
343 1575 406 1660 ούχ
423 1573 617 1662 ὑπέρογκον
636 1575 766 1661 μᾶλλόν
777 1601 815 1642 ,τι
831 1571 852 1662 ή
871 1573 1037 1664 εύθαρσδς
1057 1579 1094 1644 έν
1111 1591 1182 1655 τοῖς

222 1676 393 1755 κινδύνοις
419 1678 591 1762 ἐφαίνετο
620 1679 733 1744 δοκεῖν
752 1675 785 1743 δ’
813 1682 935 1763 ἔμοιγε,
959 1679 1015 1745 καὶ
1034 1679 1181 1766 λογισμῷ
1196 1701 1219 1744 15

189 1775 356 1867 εάκριβεῖ
373 1776 533 1865 ἐχρήσατο
553 1779 590 1846 έν
612 1779 660 1867 τῷ
677 1779 810 1868 τοιῷδε·
845 1779 881 1845 έν
904 1780 1004 1846 νυκτί
1028 1778 1093 1866 γὰρ
1111 1793 1182 1856 τοῖς
1244 1849 1246 1856 s

222 1904 259 1966 τε
282 1876 508 1966 ἀποχρώντως
537 1878 594 1959 καί
624 1893 695 1958 τοῖς
728 1881 851 1956 ένδεάις
876 1877 960 1966 πρὸς
990 1878 1050 1958 τάς
1074 1878 1181 1965 μάχας

224 1980 548 2067 παρεσκευασμένοις
558 1979 665 2046 πολλὰ
681 1981 717 2046 έκ
730 1981 791 2046 τοῦ
803 1979 999 2066 παραλόγου
1010 1980 1182 2066 ξυμβάντα

222 2079 304 2158 τούς
321 2077 384 2166 μὲν
404 2084 546 2165 ἔσφηλε,
570 2079 652 2157 τούς
671 2085 885 2166 κρείσσονας,
911 2095 983 2159 τοῖς
1001 2087 1126 2166 χείροσι
1144 2079 1181 2148 δὲ

224 2179 315 2268 παρά
329 2179 370 2246 τά
382 2180 414 2258 ἐξ
430 2176 559 2265 ἀμφοῖν
576 2179 776 2247 ἐλπισθέντα
788 2179 851 2267 τήν
863 2188 962 2267 νίκην
977 2183 1179 2269 παρέδωκεν.
1194 2207 1219 2246 ιο

224 2279 319 2371 αύτῷ
336 2305 371 2347 τε
388 2279 623 2346 κινδυνεύοντι
639 2279 677 2346 τὸ
696 2280 783 2348 πολύ
809 2284 846 2348 ἐν
863 2297 937 2360 ταῖς
954 2281 1074 2368 μάχαις
1091 2300 1181 2402 σφα-

224 2347 304 2468 λερά
318 2408 339 2467 η
329 2377 416 2460 ’νύξ
430 2385 662 2465 κατεφαίνετο,
680 2378 775 2448 καί
754 2407 822 2467 αμα
835 2378 1016 2469 ήσσηθέντι
1032 2408 1068 2450 τε
1082 2372 1181 2460 αὖθις
1232 2449 1234 2454 .

157 2489 349 2572 Δαρεί
337 2507 363 2548 ω
387 2479 449 2568 τήν
468 2479 678 2567 ξυγχώρησιν
695 2483 757 2549 τοῦ
783 2480 945 2570 χείρονι”
926 2508 998 2550 οντι
1020 2482 1182 2570 χειρόνων

189 2598 207 2648 4
224 2580 414 2670 ήγεῖσθαιή
427 2589 576 2669 λαθραία
589 2583 695 2650 τεκαὶ
708 2583 886 2671 νυκτερινὴ
902 2587 937 2651 έκ
952 2587 1048 2669 σφῶν
1064 2587 1182 2652 ἐπίθε-

225 2703 275 2762 σις
300 2683 483 2772 ἀφηρεῖτο,
511 2692 548 2750 ει
564 2684 602 2750 τέ
623 2709 654 2750 τι
679 2685 715 2751 ἐκ
738 2687 798 2750 τοῦ
812 2684 1013 2773 παραλόγου
1033 2699 1181 2772 πταῖσμα
1195 2711 1220 2752 ει

224 2792 322 2870 σφίσι
339 2785 518 2870 ξυμπέσοι,
536 2799 607 2862 τοῖς
625 2811 688 2870 μεν
705 2791 875 2868 πολεμίοις
892 2785 932 2852 τά
951 2786 1068 2876 κύκλῳ
1086 2793 1183 2872 φίλια

223 2887 282 2954 καί
300 2883 398 2974 αὐτοὶ
416 2889 475 2971 τῆς
492 2883 604 2972 χιόρας
630 2891 795 2972 ἔμπειροι,
821 2901 918 2971 σφεῖς
937 2885 975 2954 δὲ
992 2884 1122 2974 ἀπειροι
1146 2889 1183 2954 έν

224 2994 395 3073 πολεμίοις
412 3000 483 3064 τοῖς
501 2987 623 3072 πᾶσιν,
642 2975 691 3051 τόν
709 2983 750 3052 ού
769 2984 870 3073 μικρά
888 3001 989 3074 μοῖρα
1008 2991 1044 3054 οἱ
1058 2987 1183 3073 αίχμά-

224 3095 324 3154 λωτοι
341 3078 439 3172 ήσαν,
462 3085 762 3171 ξυνεπιθησόμενοι
781 3089 817 3154 έν
834 3089 933 3155 νυκτὶ
951 3085 996 3173 μή
1013 3084 1064 3154 ότι
1082 3095 1183 3156 πταί-

225 3203 335 3271 σασιν,
349 3185 435 3253 ἀλλά
449 3188 506 3253 καί
521 3193 553 3254 εί
565 3184 609 3272 μὴ
621 3186 711 3274 παρὰ
726 3186 814 3256 πολύ
820 3193 981 3267 ,νικῶντες
995 3195 1181 3274 φαίνοιντο.
1195 3215 1221 3254 ιο

223 3285 355 3353 τούτων
373 3289 494 3354 τετῶν
513 3290 682 3373 λογισμῶν
702 3289 798 3356 ἕνεκα
822 3291 946 3357 ἐπαινῶ
961 3287 1183 3378 Ἀλέξανδρον

208 3387 360 3453 ’καὶτοῦ
380 3389 414 3464 ές
431 3385 468 3453 τό
488 3384 638 3476 φανερόν
655 3387 848 3478 ύπερόγκου
868 3387 909 3456 ού
928 3405 1035 3476 μεῖον.
