2546 3920
186 111 249 174 312
535 108 790 164 ειεωεαιεον

137 273 179 340 15
266 266 399 354 Χρόνος
425 291 461 334 τε
485 255 528 352 ἦν
555 265 682 352 συχνός
708 267 756 356 τῷ
783 266 901 336 πένθει
927 269 985 334 καὶ
1003 265 1115 346 αὐτός
1133 293 1173 336 τε

188 365 295 436 αὑτὸν
327 367 391 454 ἤδη
431 364 603 454 μετεκάλει
636 361 697 434 ἄπ’
733 364 842 435 αὐτοῦ
873 367 933 435 καί
965 372 1003 435 οί
1035 369 1171 455 ἑταῖροι

187 467 317 556 μᾶλλόν
342 493 374 536 τι
401 467 438 535 έν
455 471 502 558 τῷ
521 469 641 558 τοιῷδε
658 465 796 554 ἤνυτον.
843 473 928 537 ἔνθα
946 467 989 554 δὴ
1008 470 1169 549 ἐξέλασιν

189 585 330 638 ποιεῖται
358 567 413 638 ἐπὶ
440 575 654 654 Κοσσαίους,
682 572 784 646 ἔθνος
810 569 1005 655 πολεμικόν,
1034 567 1168 658 ὅμορον

155 673 236 760 ²²93
259 669 403 750 Οὐξίων.
448 669 513 737 είσί
540 668 579 736 δὲ
606 667 707 756 ὄρειοι
732 673 769 736 οί
784 675 947 738 Κοσσαῖοι
973 671 1033 737 καί
1050 679 1192 758 χωρίαε

188 769 297 858 όχυρά
312 769 394 837 κατά
410 767 465 836 κοτ’
471 796 494 855 μ
504 795 549 848 ας
567 767 741 856 νέμονται,
757 766 858 838 ὁπότε
872 768 1039 857 προσάγοι
1052 771 1168 840 δόνα-

189 899 243 958 μις
272 874 305 951 ἐς
330 870 378 938 τά
407 865 493 956 άκρα
518 871 588 938 τάν
615 865 708 958 ὀρῶν
725 868 982 956 ἀποχωροῦντες
998 868 1168 959 άθρόοιῆ

190 970 281 1051 ὅπως
308 967 352 1038 άν
378 975 538 1058 προχωρῇ
565 970 714 1048 ἑκάστοις
732 968 824 1039 οὕτω
842 969 1103 1061 διαφεύγουσιν,
1132 975 1168 1052 ἐς

190 1072 338 1159 ἀπορίαν
364 1073 546 1157 βάλλοντες
572 1071 654 1150 τούς
680 1068 744 1148 ξάν
771 1070 913 1158 δυνάμει
939 1076 1060 1158 σφίσιν
1090 1075 1162 1140 ἐπι-

189 1173 401 1260 χειροῦντας·
435 1169 657 1240 ἀπελθόντων
681 1171 719 1240 δὲ
737 1161 838 1252 αὖθις
856 1178 906 1250 είς
922 1170 961 1239 τό
980 1173 1164 1260 λῃστεύειν
1177 1203 1199 1241 10

155 1273 390 1362 3τρεπόμενοι
407 1271 474 1342 άπὸ
493 1271 614 1340 τούτου
640 1269 702 1338 τόν
727 1279 806 1359 βίον
837 1274 1021 1341 ποιοῦνται.
1066 1271 1167 1342 Ἀλέ-

190 1377 334 1460 ξανδρος
353 1373 392 1442 δέ
412 1373 536 1453 ἐξεῖλεν
550 1370 666 1440 αὐτόν
679 1369 716 1440 τό
732 1378 846 1462 ἔθνος,
864 1378 984 1460 καίπερ
997 1377 1166 1461 χειμῶνος

148 1489 153 1498 “
192 1473 407 1561 στρατεύσας.
455 1466 533 1540 ἀλλ’
559 1470 647 1541 οὔτε
678 1474 803 1560 χειμάν
836 1473 994 1561 ἐμποδὼν
1028 1476 1166 1560 ἐγένετο

191 1573 284 1664 αὐτῷ
312 1571 391 1667 οὔτε
417 1577 456 1640 αί
479 1576 676 1662 δυσχωρίαι,
703 1571 784 1642 οὔτε
810 1569 905 1664 αὐτῷ
933 1569 1011 1644 οὕτε
1030 1583 1164 1644 Πτολε-

191 1681 282 1765 μαίῳ
309 1679 356 1764 τῷ
375 1672 506 1760 Λάγου,
534 1669 571 1753 ὃς
588 1673 690 1762 μέρος
707 1678 766 1761 τῆς
784 1676 940 1763 στρατιάς
959 1673 1012 1742 ἐπ’
1033 1675 1165 1755 αότοός
1178 1705 1199 1746 ιε

191 1768 283 1863 ἦγεν.
329 1772 436 1855 οὕτως
463 1772 567 1842 οὐδὲν
592 1772 723 1862 άπορον
737 1773 948 1866 Ἀλεξάνδρῳ
964 1777 1036 1844 τάν
1060 1785 1174 1844 πολε-’

190 1882 298 1964 μικάν
323 1866 366 1962 ἦν
393 1879 427 1956 ἐς
453 1873 473 1942 ὅ
497 1901 528 1942 τι
554 1872 718 1963 ὁρμήσειε.

156 1982 176 2031 4
269 1975 429 2046 Κατιόντι
461 1974 499 2044 δὲ
532 1974 625 2066 αὐτῷ
659 1981 707 2054 είς
733 1973 1093 2064 ΒαβυλῶναΛιβάων
1125 2003 1163 2046 τε

191 2085 365 2165 πρεσβεῖαι
392 2075 616 2161 ἐνετύγχανον
644 2076 875 2146 ἐπαινούντων
900 2103 936 2144 τε
958 2079 1016 2146 καὶ
1035 2095 1163 2164 στεφα-

191 2177 350 2246 νοόντων
370 2178 425 2246 ἐπὶ
443 2180 487 2263 τῇ
505 2180 657 2264 βασιλείᾳ
674 2169 732 2262 τῆς
747 2173 873 2263 Ἀσίας,
891 2179 949 2244 καί
969 2178 1002 2258 ἐξ
1017 2175 1159 2258 Ἰταλιάς
1173 2213 1199 2252 20

192 2279 347 2362 Βρέττιοί
378 2303 413 2344 τε
439 2275 496 2343 καὶ
521 2277 693 2346 Λευκανοί
719 2277 776 2344 καί
813 2278 982 2366 Τυρρηνοί
1010 2279 1064 2346 ἐπὶ
1089 2293 1162 2358 τοϊς

193 2377 307 2456 αότοίς
342 2378 557 2465 ἐπρέσβευον.
601 2378 658 2445 καί
693 2381 950 2465 Καρχηδονίους
976 2377 1052 2447 τότε
1077 2403 1156 2466 πρε·
1181 2387 1186 2393 ”

193 2481 334 2567 σβεόσαι
360 2477 564 2564 λέγεταικαὶ
582 2476 650 2545 άπὸ
673 2477 855 2550 Αἰθιόπων
873 2479 1027 2567 πρέσβεις
1045 2481 1161 2547 ἐλθεῖν

191 2581 250 2650 καὶ
269 2581 422 2648 Σκυθῶν
439 2579 508 2648 τάν
528 2581 565 2646 ἐκ
582 2583 641 2665 τῆς
659 2577 841 2666 Εόράπης,
859 2580 915 2646 καὶ
935 2575 1083 2660 Κελτοάς
1102 2580 1160 2647 καὶ

182 2679 332 2768 Ἴβηρας,
346 2677 436 2769 ὑπὲρ
451 2684 564 2768 φιλίας
580 2679 822 2767 δεησομένους·
842 2670 890 2748 ὧν
905 2679 948 2747 τά
961 2705 997 2748 τε
1011 2677 1159 2766 ὀνόματα
1172 2711 1198 2752 οε

191 2782 248 2852 καὶ
267 2780 325 2862 τάς
344 2781 466 2860 σκευάς
483 2779 557 2849 τότε
575 2782 711 2867 πρῶτον
728 2779 879 2867 ὀφθῆναι
896 2777 1159 2867 πρδςῈλλήνων

158 2897 175 2948 5
192 2911 229 2952 τε
247 2885 303 2952 καὶ
319 2879 544 2952 Μακεδόνων.
572 2879 654 2959 τοός
673 2879 711 2948 δὲ
729 2880 786 2948 καὶ
803 2877 892 2969 δπὲρ
910 2884 979 2948 τεόν
993 2887 1042 2961 είς
1054 2877 1158 2967 άλλη-

192 2992 274 3064 λους
293 2985 469 3072 διαφοράν
497 2981 656 3066 λέγουσιν
683 2978 732 3048 ότι
754 2976 966 3073 Ἀλεξάνδρῳ
992 2985 1159 3068 διακρῖναι

193 3086 392 3174 ἐπέτρεπον·
426 3084 483 3153 καὶ
511 3081 587 3150 τότε
612 3081 754 3168 μάλιστα
781 3079 889 3150 αὐτόν
906 3107 941 3150 τε
959 3079 1052 3172 αὑτῷ
1066 3080 1157 3150 Ἀλέ-

192 3187 338 3270 ξανδρον
356 3187 414 3252 καὶ
428 3199 500 3262 τοῖς
514 3180 601 3270 ἄμφ’
623 3179 731 3250 αὐτόν
745 3185 893 3269 φανῆναι
906 3185 968 3270 γῆς
980 3207 1016 3252 τε
1029 3181 1156 3270 άπάσης
1169 3212 1195 3254 ιο

192 3287 250 3352 καί
268 3284 444 3369 θαλάσσης
462 3280 592 3368 κόριον.
621 3281 772 3370 ’Ἄριστος
791 3281 830 3351 δὲ
847 3283 904 3350 καὶ
918 3280 1157 3371 Ἀσκληπιάδης

191 3386 261 3452 τόν
288 3380 329 3450 τά
353 3379 582 3470 Ἀλεξάνδρου
610 3380 883 3472 ἀναγραψάντων
909 3382 967 3452 καὶ
982 3382 1158 3471 Ῥωμαίους
