2632 3922
195 161 260 226 252
547 157 799 220 εΔτΞεαΔΡου

100 321 103 330 ⁴
195 323 254 390 καλ
286 318 367 401 τοδς
399 317 578 408 Ἀγριᾶνας
610 316 695 408 πρὸς
728 317 835 405 άλλην
870 319 968 388 πόλιν
1003 319 1168 406 ἐκπέμπει

196 426 267 490 τῶν
293 425 459 507 Μαλλῶν,
487 415 522 488 οἷ
547 419 819 506 ξυμπεφευγότες
845 410 932 508 ἦσαν
957 420 1076 488 πολλοὶ
1094 422 1167 488 τῶν

195 520 302 610 ταότη
317 521 447 607 Ἰνδῶν,
466 517 654 606 φυλάσσειν
666 518 745 599 τοδς
759 521 797 588 ἐν
814 524 858 607 τῇ
876 519 970 587 πόλει
987 518 1174 606 κελεύσας,

197 627 300 710 ἔργου
327 621 365 690 δὲ
382 619 435 708 μή
465 626 599 708 ἔχεσθαι
625 617 693 698 ἔστ’
722 616 765 687 διν
790 618 949 706 ἀφίκηται
973 618 1088 707 αῶτός,
1115 617 1164 700 ῶς

196 721 281 808 μηδὲ
314 716 381 790 άπδ
407 719 532 806 ταύτης
557 722 615 805 τῆς
648 718 778 799 πόλεως
806 712 1041 807 ιδιαφυγόντας
1066 721 1191 800 τινάςε

113 857 115 860 ·
197 821 313 890 αὐτῶν
347 817 513 907 ἀγγέλους
543 819 703 906 γενέσθαι
737 834 807 900 τοῖς
843 819 954 900 άλλοις
979 819 1165 909 βαρβάροις

196 918 247 990 ότι
265 920 427 1010 προσάγει
442 919 507 1006 ἤδη
518 915 754 1007 Ἀλέξανδρος·
782 917 885 1000 αότδς
899 921 938 990 δὲ
952 923 1164 1008 προσέβαλλε

162 1039 179 1089 5
196 1027 242 1112 τῷ
259 1029 368 1108 τείχει,
395 1025 430 1088 ot
446 1020 483 1088 δὲ
500 1018 665 1108 βάρβαροι
681 1019 719 1088 τδ
737 1020 800 1108 μὲν
813 1037 921 1107 τεῖχος
936 1025 1162 1108 ἐκλείπουσιν,

198 1120 243 1201 ῶς
261 1120 324 1190 οόκ
352 1117 394 1190 διν
413 1117 676 1208 διαφυλάξαντες
703 1117 787 1190 αὐτὸ
815 1127 873 1209 ἔτι,
901 1126 1037 1190 πολλῶν
1063 1125 1100 1190 ἐν
1117 1125 1162 1210 τῇ

196 1221 378 1310 καταλήψει
404 1220 629 1308 τεθνηκότων,
656 1223 725 1288 τῶν
743 1219 781 1289 δέ
798 1221 855 1289 καλ
873 1219 939 1290 άπὸ
957 1221 1161 1310 τραυμάτων
1175 1252 1202 1292 ιο
1300 1237 1301 1296 λ

196 1321 381 1411 ἀπομάχων
406 1322 655 1410 γεγενημένων·
697 1323 731 1400 ἐς
756 1321 795 1390 δὲ
812 1320 876 1410 τὴν
900 1321 1007 1410 άκραν
1024 1324 1162 1410 ξυμφυ-

74 1431 78 1440 ’
196 1423 314 1509 γόυτες
340 1423 464 1512 χρόνον
488 1423 551 1509 μέν
567 1447 641 1489 τινα
667 1419 836 1509 ἠμύνοντο
855 1423 888 1502 ἐξ
906 1419 1107 1511 ὑπερδεξίου
1124 1451 1162 1493 τε

196 1529 323 1613 χωρίου
337 1524 394 1590 καλ
407 1527 557 1610 χαλεποῦ
572 1523 606 1600 ἐς
620 1521 830 1610 προσβολήν·
855 1525 1105 1612 προσκειμένων
1120 1524 1160 1594 δέ

196 1621 368 1692 πάντοθεν
401 1617 578 1709 εάρῶστως
611 1627 680 1691 τῶν
707 1622 921 1692 Μακεδόνων
957 1625 1015 1692 καλ
1049 1623 1160 1694 αότοῶ

132 1787 135 1792 .
193 1721 414 1814 Ἀλεξάνδρου
441 1721 561 1792 ἄλλοτε
578 1718 666 1812 άλλη
686 1725 946 1812 ἐπιφαινομένου
963 1731 1011 1817 τῷ
1030 1731 1119 1819 ἔργςο
1137 1724 1200 1814 ἥτε

195 1850 231 1893 τε
256 1821 342 1914 ῶκρα
368 1821 452 1893 κατά
481 1823 603 1913 κράτος
631 1822 716 1894 ἑάλω
742 1825 851 1896 καλοί
871 1826 1105 1914 ξυμφυγόντες
1124 1831 1158 1908 ἐς
1198 1849 1200 1852 ·
1300 1869 1301 1910 4

197 1921 305 2012 αὐτὴν
338 1925 460 2006 πάντες
495 1923 686 1997 ἀπέθανον·
725 1916 812 2014 ἦσαν
838 1927 882 2015 δὲΔ
902 1925 937 2006 ἐς
963 1933 1156 2014 δισχιλίους.

161 2039 177 2090 ο
274 2031 465 2117 Περδίκκας
492 2027 530 2095 δὲ
555 2023 591 2108 ἐς
607 2027 671 2114 τὴν
697 2028 797 2097 πόλιν
823 2025 879 2115 ἐφ’
899 2024 1016 2114 ἥντινα
1033 2025 1156 2118 ἐστάλη

194 2125 399 2215 άφικόμενος
423 2125 487 2214 τὴν
512 2126 575 2214 μὲν
602 2128 701 2198 πόλιν
734 2121 861 2217 ἐρήμην
894 2131 1155 2218 καταλαμβάνει·

194 2227 317 2316 μαθῶν
344 2227 382 2306 δὲ
405 2225 455 2295 ὅτι
471 2225 512 2295 οὐ
532 2225 598 2316 πρό
617 2233 745 2296 πολλοῦ
764 2226 979 2317 πεφεύγεσαν
996 2225 1030 2311 ἐξ
1044 2228 1154 2320 αὐτῆς
1168 2261 1197 2302 ιο

195 2334 231 2398 οί
264 2327 473 2407 ἐνοικοῦντες
506 2328 621 2420 δρόμςο
654 2326 782 2415 ἤλαυνε
815 2327 899 2397 κατά
937 2337 1052 2419 στίβον
1086 2339 1158 2402 τῶν

194 2428 409 2518 φευγόντων·
453 2431 488 2496 ολ
511 2427 550 2497 δὲ
585 2429 676 2508 ψιλοὶ
703 2428 748 2508 ῶς
773 2431 896 2516 τάχους
924 2436 1039 2500 ποδῶν
1066 2431 1158 2520 εἶχον

194 2529 288 2620 αὐτῷ
322 2525 511 2617 ἐφείποντο.
564 2527 763 2616 καταλαβῶν
797 2529 835 2599 δὲ
860 2535 931 2599 τῶν
956 2533 1157 2620 φευγόντων

193 2631 378 2711 κατέκοφεν
410 2627 482 2699 ὅσοι
514 2655 555 2716 γε
585 2629 632 2719 μὴ
667 2636 823 2718 ἔφθασαν
856 2629 892 2711 ἐς
918 2630 959 2700 τά
986 2636 1043 2721 ἕλη
1070 2637 1156 2724 ξυμ-

194 2731 372 2818 φυγόντες.
941 2752 944 2756 ’
1168 2768 1197 2808 ετ

158 2841 177 2905 ’ί
265 2831 483 2921 Ἀλέξανδρος
511 2833 549 2902 δὲ
575 2834 916 2921 δειπνοποιησάμενός
942 2838 1052 2905 τεκαὶ
1070 2836 1155 2906 άνα-

193 2931 327 3013 παάσας
344 2931 425 3013 τούς
444 2929 531 3021 ἄμφ’
552 2933 659 3012 αὐτόν
678 2940 750 3002 ἔστε
768 2931 823 3002 ἐπὶ
842 2935 978 3024 πρῶτην
996 2936 1157 3024 φυλακην

192 3029 245 3120 ᾔει
275 3038 339 3102 τοῶ
374 3033 505 3118 πρόσω·
550 3034 606 3101 καὶ
631 3032 693 3120 τὴν
719 3034 827 3104 υόκτα
854 3036 1002 3106 διελδῶν
1027 3039 1157 3125 πολλὴν

193 3127 275 3200 ὁδόν
293 3132 362 3220 άμα
379 3131 486 3222 ἡμέρᾳ
504 3131 642 3220 ἀφίκετο
667 3134 752 3222 πρδς
769 3135 831 3206 τόν
845 3131 1034 3225 ’Ῥδραῶτην
1052 3163 1156 3208 ποτα-

191 3232 267 3320 μόν.
313 3239 398 3300 ἔνθα
416 3231 459 3319 δὴ
476 3238 546 3302 τῶν
565 3237 719 3303 Μαλλῶν
736 3235 816 3316 τοδς
834 3237 897 3326 μὲν
915 3237 1061 3319 πολλοδς
1079 3244 1154 3308 δια·
1168 3273 1196 3313 ιο

190 3331 372 3418 βεβηκότας
404 3330 469 3420 ἤδη
503 3339 626 3420 ἔμαθε,
659 3349 730 3415 τοῖς
763 3336 802 3404 δὲ
833 3337 889 3405 καλ
924 3343 1156 3425 διαβαίνουσιν

191 3429 428 3519 ἐπιγενόμενος
446 3435 523 3523 περὶ
543 3431 650 3504 αότδν
667 3433 729 3503 τόν
746 3435 853 3525 πόρον
871 3437 1018 3518 πολλοδς
1037 3435 1156 3508 αὐτῶν
