2632 3922
462 137 646 192 ΔΝΑΒΔΣΙΣ
663 144 689 204 4,
708 144 750 193 18.
1028 139 1090 203 177

121 294 219 384 τερά·
263 295 321 362 καὶ
346 301 484 364 νικῶσιν
514 322 548 364 οι
540 295 786 383 ’Μακεδόνες,
814 293 899 364 ὥστε
929 301 999 364 τῶν
1024 294 1121 383 μενο

122 395 341 503 βαρβάρωνί
339 397 456 464 ππέων
472 393 560 485 ὑπὲρ
579 394 659 475 τούς
678 391 898 476 ὀκτακοσίους
917 398 1071 464 πεσεῖν’
1052 424 1091 466 εν

123 497 165 583 τῇ
193 496 300 583 μάχη,
326 500 395 564 τοῖν
422 495 461 565 δὲ
487 495 552 577 ξύν
569 504 638 565 Κοί
636 523 685 587 νφ
706 499 826 577 ιππέας
849 497 911 584 μὲν
929 500 963 576 ές
986 507 1092 566 είκοσι

83 625 87 634 ·
124 597 182 663 καί
210 597 323 684 πέντε,
349 595 467 678 πεζούς
494 596 531 664 δέ
559 596 698 666 δεόδεκα.
739 602 774 666 οῗ
797 623 833 666 τε
858 588 922 665 οὖν
941 602 1091 683 Σογδια-

96 698 181 764 ενολ
209 701 245 763 οί
271 703 319 765 ἔτι
342 693 603 784 ύπολειπόμενοι
628 698 692 777 ξύν
709 699 913 785 Σπιταμένει
938 699 995 766 καί
1021 723 1092 766 των

126 803 306 882 Βακτρίων
319 801 355 865 οί
370 799 489 866 πολλοὶ
507 796 751 866 ἀπολείπουσιν
771 801 807 867 έν
824 803 868 886 τῇ
886 803 981 887 φυγῇ
1001 807 1091 867 Σπι-

124 895 274 984 ταμένην
298 897 356 966 καί
383 896 580 986 ἀφικόμενοι
613 897 704 985 παρά
735 907 865 967 Κοίνου
897 900 1090 986 παρέδοσαν

126 999 216 1083 σφᾶς
234 996 361 1077 αύτούς
381 1005 515 1090 Κοίνφ,
541 1002 577 1066 οἵ
599 1023 635 1066 τε
661 1001 883 1085 Μασσαγέται
900 1004 937 1067 οί
952 999 1091 1068 Σκύθαι
1107 1011 1125 1061 ‘1

125 1100 237 1176 κακῶς
255 1098 463 1186 πεπραγότες
479 1098 520 1166 τά
538 1098 601 1186 μέν
620 1098 813 1187 σκευοφόρα
826 1103 895 1168 τῶν
912 1101 1092 1188 ξυμπαρα-

84 1224 112 1262 ιο
125 1197 323 1285 ταξαμένων
363 1205 461 1285 σφίσι
492 1205 671 1288 Βακτρίων
713 1225 750 1268 τε
794 1202 850 1268 καί
890 1201 1092 1286 Σογδιανῶν

127 1299 329 1385 διήρπασαν,
357 1295 456 1368 αύτολ
474 1298 513 1366 δὲ
530 1297 595 1380 ξύν
613 1300 816 1388 Σπιταμένει
836 1303 870 1380 ές
887 1300 949 1386 τὴν
968 1305 1092 1386 ἔρημον

128 1405 286 1486 ἔφευγον.
349 1397 395 1478 ολς
422 1399 460 1468 δέ
487 1399 702 1486 ἐξηγγέλλετο
729 1399 846 1480 αὐτοῖς
873 1399 1093 1487 Ἀλέξανδρος

129 1502 166 1567 έν
193 1498 282 1588 ὁρμῇ
310 1494 358 1566 ὢν
385 1501 441 1568 ἐπὶ
458 1499 521 1586 τὴν
543 1506 666 1589 έρημον
690 1500 846 1569 ἐλαύνειν
867 1499 1093 1587 ἀποτεμόντες

127 1604 191 1668 τού
217 1601 453 1686 Σπιταμένους
483 1625 546 1686 την
572 1598 724 1687 κεφαλὴν
754 1601 845 1686 παρά
870 1597 1093 1688 Ἀλέξανδρον

85 1723 115 1765 ιε
128 1697 399 1788 πέμπουσιν,
373 1727 419 1780 ως
454 1698 776 1788 άποστρέψοντες’
757 1699 823 1768 απὸ
860 1705 957 1832 σφῶν
986 1699 1093 1770 αὐτὸν

126 1800 239 1891 τούτῳ
264 1804 312 1891 τῷ
340 1806 437 1892 έργφ
994 1827 997 1834 ’

204 1869 272 1970 Καὶ
306 1902 343 1968 έν
374 1900 485 1991 τούτῳ
516 1899 642 1980 Κοῖνός
673 1925 710 1969 τε
743 1903 776 1980 ές
809 1900 975 1971 Ναύτακα
1007 1924 1075 1990 παρ
1081 1898 1144 1966 ’18

122 1999 347 2090 Ἀλέξανδρον
371 1969 588 2088 ἐπανέρχεται
612 2001 670 2067 καλ
696 2005 734 2068 οί
756 1997 842 2088 άμφλ
861 2000 1036 2091 Κράτερόν
1058 2027 1094 2070 τε

129 2101 185 2169 καὶ
216 2102 465 2190 Φραταφέρνην
489 2100 550 2169 τὸν
574 2103 645 2169 τῶν
675 2109 889 2189 Παρθυαίων
920 2101 1095 2190 σατράπην

89 2224 117 2264 ιο
130 2202 187 2270 καὶ
207 2201 397 2290 Στασάνωρ
413 2196 432 2270 ὁ
446 2200 600 2290 Ἀρείων,
626 2202 871 2290 πεπραγμένων
889 2209 985 2289 σφίσι
1005 2202 1096 2270 πάν·

125 2305 198 2370 των
221 2300 286 2370 ὅσα
310 2303 343 2383 ἐξ
358 2300 581 2391 Ἀλεξάνδρου
600 2301 763 2370 ἐτέτακτο.
800 2299 1019 2391 Ἀλέξανδρος
1044 2304 1093 2389 δέ,
1112 2319 1128 2366 2

129 2401 209 2489 περὶ
235 2402 403 2473 Ναύτακα
435 2400 622 2470 άναπαύων
654 2402 718 2488 τὴν
745 2401 903 2490 στρατιάν
929 2401 951 2470 ὅ
975 2429 1006 2471 τι
1030 2426 1094 2491 περ

130 2498 278 2589 άιιμαῖον
294 2508 357 2572 τοῦ
380 2505 542 2591 χειμῶνος
566 2494 629 2589 ἦν,
657 2503 904 2592 Φραταφέρνην
926 2501 990 2590 μὲν
1008 2502 1095 2572 άπο-

131 2604 260 2672 στέλλει
277 2605 311 2683 ές
329 2603 496 2690 Μάρδους
513 2604 571 2671 καὶ
590 2603 805 2691 Ταπούρους,
822 2602 1095 2690 Αὐτοφραδάτην

90 2724 117 2766 ει
132 2702 340 2785 ἐπανάξοντα
357 2702 418 2773 τόν
435 2703 629 2792 σατράπην,
654 2703 703 2771 ὅτι
722 2704 881 2781 πολλάκις
903 2701 968 2790 ἤδη
991 2703 1096 2790 μετά·

131 2827 280 2890 πεμπτος
313 2806 347 2885 έξ
377 2803 601 2891 Ἀλεξάνδρου
634 2805 832 2891 γιγνόμενος
856 2802 919 2889 ούχ
942 2801 1097 2890 ὑπήκουε

130 2907 299 2972 καλοῦντι.
337 2902 542 2992 Στασάνορα
560 2904 602 2970 δέ
617 2905 651 2983 ές
669 2905 830 2992 Δράγγας
850 2903 1024 2991 σατράπην
1039 2905 1090 2971 ἐκ·
1114 2903 1135 2969 3

131 3005 269 3092 πέμπει,
304 3007 338 3084 ές
363 3005 505 3092 Μήδους
536 3003 574 3074 δέ
597 2999 802 3092 Ἀτροπάτην
824 3004 885 3072 ’ἐπὶ
912 3012 1097 3094 σατραπείᾳ

131 3106 187 3173 καί
213 3107 334 3174 τοῦτον
365 3108 405 3194 τῇ
432 3105 580 3192 Μήδων,
607 3102 659 3172 ὅτι
680 3103 859 3192 Ὀξυδάτης
883 3106 1098 3173 ἐθελοκακεῖν

93 3225 118 3266 ⁸⁰
132 3205 224 3297 αύτῷ
244 3209 410 3293 ἐφαίνετο.
445 3205 623 3292 Σταμένην
642 3204 681 3274 δὲ
707 3206 762 3274 έπί
779 3207 985 3291 Βαβυλῶνος
999 3207 1097 3274 στέλ-

132 3314 199 3395 λει,
225 3303 276 3374 ὅτι
302 3315 453 3389 Μαζαῖος
479 3299 498 3374 ὁ
525 3302 741 3390 Βαβυλύνιος
767 3303 918 3394 ὕπαρχος
942 3314 1097 3376 τετελευ-

131 3408 265 3494 τηκέναι
287 3405 380 3498 αύτῷ
408 3405 626 3496 ἐξηγγέλλετο.
681 3405 840 3474 Σώπολιν
863 3405 902 3475 δέ
925 3408 982 3474 καί
997 3404 1099 3476 Ἐπό-

181 3526 311 3566 Anmm
860 3519 891 3568 12
