2546 3920
201 146 266 212 280
554 143 754 206 mam?
762 146 814 200 ΟΤ

169 305 290 374 ιάλλά
315 303 374 385 τάς
401 301 640 430 εὐπορωτάτας
665 317 735 386 τοῖς
753 303 890 390 ζεύγεσι.
935 307 992 376 καὶ
1010 304 1124 387 οὕτως
1144 309 1184 375 οί

203 406 266 495 μὲν
282 404 373 498 νύσςο
394 406 484 474 κατά
509 403 572 485 τάς
596 403 702 486 ὁδούς
724 403 959 494 ἀπελείποντο,
993 434 1026 476 οι
1019 405 1127 476 “66
1101 405 1179 476 υπδ

204 506 355 597 καμάτου
381 502 403 594 6
426 505 598 594 καύματος
623 501 645 592 6
677 512 726 600 τῷ
752 511 845 588 δίψει
870 505 935 576 ούιι
960 506 1178 595 ἀπέχοντες,

204 610 261 678 nal
287 605 366 676 ούεε
389 610 425 676 οί
448 605 585 689 ἄξοντες
609 598 697 731 ἀμαυ
722 605 801 677 οὔτε
826 612 864 677 oc
882 607 1040 695 μένοντες
1062 619 1178 698 θερα-

205 707 400 788 πεύσοντες·
427 712 562 798 σπουδῇ
595 707 661 800 γάρ
685 711 793 796 πολλῇ
819 711 969 794 ἐγίγνετο
994 709 1013 777 6
1040 709 1203 835 ρτύλος,ι

205 812 262 880 καὶ
296 809 333 878 ἐν
367 811 415 902 τῷ
447 808 536 898 ὑπὲρ
567 813 629 880 τού
662 807 790 889 παντὸς
822 809 991 902 προθύμςο
1022 809 1060 879 τδ
1088 808 1175 880 καθ’

206 911 367 994 ἑκάστους
400 907 517 990 ξύν’
497 909 630 1000 ανάγιιχγ
657 904 825 1032 ἦμελιλμο
865 913 945 1080 ολοδ
924 909 1097 1036 δὲτιριὶ”
1070 935 1178 1034 υπνρι

205 1112 244 1183 τό
280 1108 369 1180 πολύ
404 1111 465 1192 τάς
490 1117 630 1200 πορείας
661 1111 871 1200 ποιούμενοι,
911 1117 1024 1180 ἔπειτα
1050 1114 1177 1194 ἐξανα-

208 1213 358 1298 στάντες,
384 1207 438 1292 οἷς
462 1211 526 1301 μδν
552 1213 698 1302 δύναμις
724 1203 816 1281 ἕπε’
795 1239 840 1300 ην
856 1211 940 1280 κατά
958 1213 999 1281 τά
1019 1223 1096 1302 ιχνη
1112 1218 1177 1300 τῆς
1193 1243 1217 1286 ιο

208 1315 363 1406 στρατιάς
390 1314 680 1404 ἐφομαρτήσαντες
707 1311 815 1400 ὀλίγοι
841 1311 908 1382 ἀπὸ
933 1317 1068 1382 πολλῶν
1088 1314 1178 1383 ἐστι’-

206 1427 334 1505 θησαν·
375 1419 411 1483 oc
434 1415 552 1484 πολλοὶ
579 1415 617 1484 δέ
637 1412 748 1504 οἵσπερ
767 1416 806 1483 ἐν
823 1413 961 1501 πελάγει
977 1415 1179 1496 ἐκπεσόντες

209 1519 246 1586 ἐν
270 1517 312 1605 τῇ
340 1512 467 1607 ψάμμῳ
493 1515 722 1584 ἀπώλλυντο.

174 1637 191 1686 ι
283 1617 485 1704 Ξυνηνέχθη
517 1615 557 1684 δέ
588 1619 630 1706 τῇ
658 1620 795 1705 στρατιᾷ
828 1617 885 1685 καί
912 1614 995 1686 ἀλλο
1020 1615 1177 1705 πάθημα,

209 1714 288 1804 666
313 1713 376 1804 οὐχ
393 1715 510 1803 ἥκιστα
528 1719 662 1787 ἐπίεσεν
680 1715 807 1797 αύτούς
823 1743 859 1786 τι
877 1719 934 1786 aaz
951 1715 1031 1798 τούς
1049 1721 1178 1798 ἵππους
1190 1747 1216 1789 ιε
1259 1769 1262 1774 -

208 1819 265 1887 καὶ
291 1816 332 1886 τά
359 1813 533 1906 ὑποζύγια.
577 1816 672 1888 ὕεται
688 1818 755 1908 γάρ
773 1817 794 1906 6
812 1822 1019 1906 Γαδρωσίων
1044 1821 1089 1905 γῆ
1111 1817 1175 1887 ὑπ’

209 1918 345 2009 ἀνέμων
363 1923 432 1988 τάν
451 1922 606 2008 ἐτησίων,
619 1917 776 2008 καθάπερ
796 1909 859 1988 οὖν
881 1919 938 1987 καὶ
951 1917 972 2005 6
983 1917 1101 1989 Ἰνδῶν
1119 1923 1176 2007 γῆ,

209 2019 251 2090 ού
274 2019 317 2090 τά
338 2023 439 2090 πεδία
456 2023 524 2090 τῶν
542 2025 763 2109 Γαδρωσίων,
789 2014 874 2088 ἀλλά
894 2019 935 2088 τά
956 2018 1029 2109 ὅρη,
1053 2023 1177 2109 λνοιτιερ

210 2123 468 2211 προσφέρονταί
489 2146 526 2190 τε
551 2125 591 2190 αλ
614 2121 752 2208 νεφέλαι
778 2121 815 2189 ἐτι
831 2123 892 2190 τού
911 2121 1101 2209 πνεύματος
1118 2121 1176 2190 καί

209 2219 420 2309 ἀναχέονται,
440 2219 503 2307 ούχ
515 2219 789 2313 ὑπερβάλλουσαι
801 2226 870 2290 τῶν
883 2219 974 2309 ὀρῶν
992 2221 1053 2301 τὰς
1069 2248 1174 2311 κορυ-
1188 2249 1213 2290 ιο

19 2397 26 2408 ·
79 2335 89 2354 ·
145 2361 148 2368 ·
175 2322 286 2410 σφάς.
315 2319 360 2402 οἷς
387 2319 426 2411 66
450 2319 598 2411 ηὐλίσθη
615 2321 637 2411 6
656 2319 793 2411 στρατιά
812 2321 897 2411 πρὸς
912 2323 1082 2417 χειμάρρςο
1099 2321 1177 2393 ἀλί-

208 2449 272 2510 γου
297 2417 440 2508 ύδατος,
481 2420 588 2493 αύτοῦ
623 2421 666 2512 66
700 2425 799 2493 ἕνεκα
824 2425 885 2493 τού
911 2421 1052 2510 ύδατος,
1067 2430 1071 2436 ’
1087 2421 1177 2512 ἀμφὶ

209 2523 371 2612 δευτέραν
399 2522 557 2611 φυλακὴν
583 2528 642 2612 τῆς
658 2521 781 2604 νυιιτύς
799 2525 1002 2612 ἐμπλησθεὶς
1019 2524 1090 2593 ύτὸ
1107 2528 1177 2594 τῶν

209 2622 346 2746 ὄμβρων
363 2622 382 2693 ὁ
396 2622 596 2716 χειμάρρους
609 2622 628 2694 6
641 2624 747 2714 ταύτῃ
762 2625 850 2715 βίων
862 2624 1006 2713 ἀφανῶν
1014 2630 1057 2714 τῆ
1071 2646 1176 2714 στρα·

209 2730 262 2816 τιᾷ
288 2726 523 2814 γεγενημένων
549 2729 618 2794 τῶν
636 2723 786 2814 ἀμβρων,
811 2726 963 2818 τοσούτω
974 2728 1159 2852 ἐπῆλθε
1126 2730 1174 2795 τω
1189 2753 1215 2796 ιι

203 2793 321 2932 ύδατι,
348 2824 458 2908 ὦς’
411 2853 561 2914 γυναια
552 2827 611 2896 ml
629 2827 788 2915 παιδάρια
808 2825 850 2896 τά
877 2825 986 2896 πολλοὶ
1004 2831 1075 2896 τῶν
1096 2795 1177 2897 ἐπύ-

203 2919 324 3016 μένων
348 2932 392 3018 τῆ
419 2930 557 3018 στρατιᾷ
584 2932 780 3016 διαφθεῖραι
804 2927 861 2995 καὶ
886 2927 949 3016 τὴν
965 2927 1176 3016 κατασκευὴν

208 3027 272 3116 τὴν
285 3027 460 3116 βασιλικὴν
473 3028 653 3154 ξύμπασαμ
663 3026 829 3116 ἀφανίσαι
837 3028 949 3097 καὶ
902 3053 974 3098 των
981 3028 1177 3114 ύποζυγιων

207 3125 271 3198 ὅσα
297 3127 506 3215 ἀπελείπετο,
534 3126 662 3207 αύτούς
689 3127 728 3197 δὲ
752 3128 846 3216 μόλις
867 3130 925 3197 καὶ
943 3133 1095 3217 χαλεπῶς
1112 3127 1176 3210 ξύν

177 3241 280 3310 ιτοῑς
313 3227 429 3308 ὅπλοις
462 3227 545 3298 ούδέ
576 3227 707 3309 τούτοις
738 3234 842 3298 πᾶσιν
868 3226 1098 3316 ἀποσωθῆναι.
1143 3234 1180 3298 οί
1189 3255 1216 3298 ιο

209 3329 328 3399 πολλοὶ
353 3327 392 3396 δέ
415 3328 473 3396 καὶ
493 3337 663 3415 πίνοντες,
687 3326 788 3398 ὁπότε
808 3330 846 3398 ἐπ
865 3328 1036 3417 καύματός
1065 3331 1177 3398 τεκαὶ

210 3433 333 3511 δίψους
358 3424 462 3496 ύδατι
488 3425 607 3523 ἀθρόρι
635 3429 834 3518 ἐπιτύχοιεν,
867 3429 952 3520 πρὸς
980 3427 1088 3499 αύτού
1114 3432 1175 3500 τοῦ
