2572 3920
196 223 205 236 .
219 183 240 246 2
574 179 826 240 ΑΛΕΞΑΝΔΡΟΤ

177 339 196 398 1
296 325 436 410 Λέγεται
455 321 497 410 δὴ
515 327 679 402 Φίλιππος
697 321 759 409 μὲν
772 327 966 409 τελευτῆσαι
984 325 1038 392 ἐπὶ
1056 321 1180 412 ἀρχον·

219 450 273 504 τος
288 423 499 511 Πνθοδήμου
515 421 689 510 Ἀθήνησι·
709 422 946 510 παραλαβόντα
959 423 997 492 δὲ
1010 421 1070 512 τὴν
1083 432 1176 512 βασι*
1281 431 1282 444 δ

219 532 314 594 λείαν
335 521 573 614 Ἀλέξανδρον,
600 527 706 592 παῖδα
731 521 812 592 όντα
836 531 1026 611 Φιλίππου,
1053 527 1085 604 ές
1110 535 1180 595 Πε-

220 625 431 712 λοπόννησον
448 633 645 714 παρελθεῖν·
666 621 751 692 εἶναι
765 623 803 692 δὲ
815 623 889 694 τότε
902 621 988 712 ἀμφὶ
1001 624 1042 693 τά
1057 636 1182 694 είκοσιν

186 743 202 790 2
221 733 276 814 ἔτη
291 725 517 815 Ἀλέξανδρον.
555 727 705 794 ένταάθα
722 725 954 812 ξυναγαγόντα
970 724 1181 813 τοόςἝλλη-
1208 757 1221 798 ε

219 856 280 908 νας
294 827 366 897 όσοι
381 825 473 906 ἐντός
483 825 746 914 Πελοποννήσου
759 817 846 913 ἦσαν
856 831 962 896 αίτεῖν
971 824 1051 916 παρ’
1067 823 1182 895 αὐτῶν

219 928 284 1017 την
296 922 479 1018 ἡγεμονίαν
491 933 549 1015 τῆς
564 927 618 995 έπί
631 925 709 1007 τοδς
725 928 858 1017 Πέρσας
874 934 1044 1017 στρατιᾶς,
1063 923 1182 1016 ἥντινα

223 1036 380 1121 Φιλίππῳ
408 1027 474 1116 ἥδη
506 1034 642 1098 ἔδοσαν·
673 1028 730 1096 καὶ
753 1027 934 1115 αίτησαντα
958 1035 1074 1115 λαβεῖν
1099 1027 1179 1116 παρ’

223 1129 370 1200 έκάστων
395 1127 484 1218 πλὴν
508 1133 796 1216 Λακεδαιμονίων·
830 1133 1116 1216 Λακεδαιμονίους
1144 1129 1182 1197 δὲ

221 1229 469 1320 ἀποκρίνασθαι
496 1229 541 1316 μὴ
569 1226 660 1297 εἶναί
686 1249 779 1317 σφισι
809 1229 947 1319 πάτριον
978 1227 1181 1298 ἀκολουθεῖν
1197 1263 1221 1302 ιο

221 1331 350 1418 ἀλλοις,
376 1326 452 1398 ἀλλ’
476 1327 601 1409 αότοός
625 1328 738 1400 ἀλλων
757 1331 954 1418 ἐξηγεῖσθαι.
991 1337 1184 1418 νεωτερίσαι

187 1431 261 1500 εδδ
279 1431 361 1500 ἀττα
386 1431 442 1499 καὶ
459 1435 528 1499 τῶν
543 1429 732 1514 Ἀθηναίων
748 1429 810 1518 τὴν
828 1430 941 1500 πόλιν.
972 1429 1057 1498 ἀλλά
1079 1429 1183 1517 Ἀθη·
1275 1487 1280 1496 .

222 1539 339 1614 ναίους
363 1559 402 1618 γε
424 1536 467 1621 τῇ
485 1531 600 1620 πριότη
626 1529 737 1622 ἐφόδῳ
759 1525 979 1620 Ἀλεξάνδρου
999 1532 1183 1618 ἐκπλαγέν-

221 1661 280 1714 τας
297 1632 353 1701 καί
371 1638 510 1700 πλείονα
524 1637 571 1700 ἔτι
586 1635 656 1699 τάν
673 1637 829 1724 Φιλίππῳ
843 1633 1016 1704 δοθέντων
1026 1629 1184 1714 Ἀλεξάν-

223 1741 293 1828 δρῳ
324 1739 371 1814 είς
405 1731 504 1822 τιμὴν
539 1735 758 1822 ξυγχωρῆσαι.
812 1731 1040 1802 ἐπανελθόντα
1071 1733 1108 1801 δὲ
1151 1735 1183 1814 ἐς
1197 1763 1222 1804 ιε

223 1839 442 1906 Μακεδονίαν
470 1837 506 1902 έν
532 1837 729 1922 παρασκευῇ
752 1831 840 1902 εἶναι
857 1839 918 1902 τοῦ
942 1836 975 1913 ές
992 1830 1054 1920 τὴν
1069 1827 1183 1904 Ἀσίαν

224 1935 355 2008 στόλον.

189 2054 207 2102 4
291 2036 377 2126 ’Ἅμα
395 2035 432 2104 δέ
449 2039 496 2127 τῷ
513 2027 568 2122 ἦρι
583 2033 735 2102 ἐλαύνειν
751 2035 807 2103 ἐπὶ
822 2034 966 2126 Θρηίκης,
987 2037 1020 2114 ές
1039 2041 1184 2122 Τριβαλ-

223 2136 304 2218 λοδς
318 2136 374 2205 καλ
383 2133 578 2224 Ἰλλυριούς,
592 2133 644 2203 ὅτι
658 2161 693 2204 τε
701 2142 905 2224 νεωτερίζειν
920 2134 1064 2204 έπόθετο
1074 2131 1184 2204 Ἰλλυ-

225 2237 317 2330 ριοός
334 2263 371 2306 τε
384 2237 439 2304 καί
454 2235 673 2325 Τριβαλλούς,
692 2236 750 2304 καί
763 2234 830 2324 ἅμα
843 2229 990 2327 ὁμόρους
1002 2235 1101 2316 όντας
1120 2233 1184 2306 οάκ
1197 2267 1222 2307 ω

226 2339 334 2410 ἐδόκει
362 2331 610 2407 ἀπολείπεσθαι
640 2335 690 2414 ὅτι
718 2335 763 2424 μή
782 2337 890 2424 πάντη
919 2338 1186 2418 ταπεινωθέντας

191 2441 315 2511 ὅοῦτω
332 2436 464 2528 μακρόν
488 2432 554 2506 ἀπό
579 2441 637 2523 τῆς
661 2443 786 2518 οίκείας
810 2437 1040 2526 στελλόμενον.
1078 2431 1185 2528 ὁρμη-

225 2543 330 2612 θέντα
353 2541 395 2626 δὴ
421 2541 453 2620 ἐξ
468 2537 704 2626 ,Ἀμφιπόλεως
729 2541 886 2626 ἐμβαλεῖν
911 2541 943 2618 ές
963 2538 1098 2630 Θρᾴκην
1124 2538 1187 2626 τὴν

225 2649 293 2712 των
324 2638 523 2728 αὐτονόμων
556 2639 773 2726 καλουμένων
804 2644 966 2730 Θρᾳκῶν,
998 2647 1187 2720 Φιλίππους

226 2742 324 2812 πόλιν
344 2744 380 2810 έν
398 2736 556 2830 ἀριστερᾷ
574 2745 692 2828 ἔχοντα
712 2741 769 2809 καί
784 2736 1023 2829 τδνὍρβηλον
1039 2739 1077 2809 τό
1097 2740 1185 2828 ὄρος.
1200 2769 1224 2810 ιε

227 2843 344 2932 διαβάς
359 2843 397 2911 δὲ
409 2841 470 2911 τόν
480 2843 616 2912 Νέσσον
625 2839 775 2928 ποταμόν
788 2836 1004 2927 λέγουσινὸτι
1014 2846 1187 2922 δεκαταῖος

194 2959 210 3007 6
228 2944 365 3034 ἀφίκετο
384 2943 439 3012 έπί
455 2941 492 3012 τό
511 2941 588 3032 ὅρος
605 2939 667 3012 τόν
684 2940 804 3028 Αἷμον.
839 2943 896 3010 καί
911 2944 1059 3012 ἐνταῦθα
1076 2941 1188 3029 ἀπήν-

227 3074 296 3115 των
314 3040 407 3136 αότῷ
425 3041 507 3111 κατά
525 3041 565 3110 τά
580 3041 679 3111 στενοὶ
697 3047 758 3128 τῆς
772 3039 899 3112 ἀνόδου
915 3047 975 3130 τῆς
989 3044 1044 3112 ἐπί
1057 3041 1094 3114 τό
1109 3042 1188 3133 ὅρος

182 3207 186 3216 .
226 3151 296 3216 τεόν
329 3172 365 3214 τε
391 3143 546 3232 ἐμπόρων
563 3142 681 3211 πολλοὶ
705 3135 905 3230 ὠπλισμένοι
927 3145 983 3211 καί
1007 3148 1042 3212 οί
1059 3150 1189 3234 Θρᾷκες

228 3253 264 3317 οί
285 3243 481 3332 αὐτόνομοι,
511 3244 818 3331 παρεσκευασμένοι
841 3253 965 3334 εἴργειν
988 3249 1049 3314 τοῦ
1073 3245 1189 3335 πρόσω
1203 3272 1227 3312 ω

228 3344 462 3435 κατειληφότες
478 3343 541 3431 την
554 3343 662 3433 ἀκραν
675 3350 737 3413 τοῦ
750 3355 862 3432 Αίμον
876 3343 937 3414 τόν
954 3343 1087 3432 στόλον,
1106 3343 1187 3431 παρ’

195 3447 268 3538 ῖῆν
287 3441 331 3536 ἦν
347 3452 395 3541 τῷ
413 3443 632 3537 στρατεύματι
654 3439 675 3532 ἡ
694 3444 848 3526 πάροδος.
883 3444 1127 3531 ξυναγαγόντες
1151 3445 1190 3514 δέ
