2620 3924
474 161 658 214 ιαιολειε
676 163 705 226 ε,
727 163 768 212 ω.
1059 161 1100 226 75

210 297 248 367 ‘0
277 299 315 368 δὲ
344 298 426 368 οὐδὲ
449 301 507 386 τῆς
529 301 654 388 μητρός
676 305 735 388 τῆς
760 309 910 392 Δαρείου
935 301 1017 372 οὐδὲ
1040 306 1098 389 τῆς
1117 321 1134 368 3

134 400 299 487 γυναικὸς
321 395 342 486 ἣ
364 403 432 468 τῶν
463 406 596 470 παίδων
625 401 798 489 ἠμέλησεν.
838 401 928 474 άλλά
959 405 1101 488 λέγουσί

135 526 223 580 τινες
247 503 317 569 τῶν
339 501 380 568 τὰ
401 495 625 591 Ἀλεξάνδρου
648 503 874 591 γραψάντων,
898 507 957 590 τῆς
975 503 1098 582 νυκτός

136 601 242 688 αὐτῆς
268 593 291 689 ᾖ
310 599 376 670 άπὸ
394 605 452 688 τῆς
470 601 668 683 διώξεως
629 629 689 689 της
707 606 896 728 Δαρείου’
879 607 1046 691 επανηκεν
1065 607 1099 681 ἐς

110 702 198 789 ετὴν
222 701 349 790 σκηνὴν
373 702 588 792 παρελθόντα
611 701 718 772 αὐτὸν
741 705 803 792 τὴν
827 712 998 794 Δαρείου,
1028 700 1099 790 ἥτις

137 801 231 894 αότφ
215 793 472 919 ἐξηρημένη
453 829 508 890 ην,
526 802 669 875 άκοῦσαι
685 807 859 890 γυναικῶν
875 805 1027 892 οἰμωγὴν
1041 806 1098 872 καὶ

136 869 242 970 ἄλλόν
258 905 413 971 τοιοῦτον
429 903 584 992 θόρυβον
602 902 643 972 οὐ
658 904 774 994 πόρρω
787 907 846 992 τῆς
861 909 1000 993 σκηνῆς
1029 928 1097 974 πυ·
1115 920 1132 968 4

136 1005 262 1072 θέσθαι
286 994 349 1072 οὖν
372 1009 496 1083 αἵτινες
519 1019 679 1090 γυναίιιες
702 1007 759 1073 καὶ
783 1004 863 1075 ἀνθ’
890 1004 970 1074 ὅτου
990 1003 1098 1084 οὕτως

139 1106 241 1190 ἐγγὺς
260 1107 551 1193 παρασαηνοῦσαι·
583 1113 644 1175 καί
653 1130 728 1174 τινα
748 1107 952 1194 ἐξαγγεῖλαι,
978 1104 1045 1192 ὅτι,
1072 1096 1098 1174 ὦ

100 1233 124 1272 ιο
137 1206 294 1292 βασιλεῦ,
325 1203 347 1292 ἡ
376 1205 483 1294 μήτηρ
507 1231 543 1272 τε
566 1207 624 1274 καὶ
647 1204 668 1292 ἡ
691 1206 780 1292 γυνὴ
807 1215 957 1296 Δαρείου
983 1209 1040 1275 καὶ
1065 1211 1102 1275 οί

138 1311 274 1393 παῖδες,
307 1304 353 1385 οἱς
384 1307 568 1392 ἐξηγγέλθη
599 1303 719 1386 αὐταῖς
744 1303 795 1374 ότι
816 1308 854 1374 τὸ
878 1308 976 1388 τόξον
1000 1333 1036 1375 τε
1058 1305 1097 1374 τό

138 1413 289 1494 Δαρείου
315 1413 397 1492 ἔχεις
419 1407 477 1474 καὶ
501 1405 561 1472 τὸν
584 1406 716 1475 κάνδυν
733 1407 793 1475 τόν
810 1407 983 1495 βασιλικὸν
1001 1409 1058 1476 καὶ
1076 1405 1097 1493 ἡ

138 1506 241 1585 ἀσπὶς
267 1505 318 1574 ότι
334 1505 524 1592 κεκόμισται
541 1505 650 1576 ὀπίσω
667 1505 688 1594 ἡ
708 1515 858 1596 Δαρείου
878 1507 923 1588 άς
943 1509 997 1577 ἐπὶ
1015 1518 1096 1577 τεθ-
1114 1522 1131 1571 5

137 1611 236 1676 νεῶτι
255 1614 391 1698 Δαρείῳ
410 1605 637 1732 άνοιμάζουσι.
669 1610 777 1676 ταῦτα
794 1607 1097 1678 άιιοόσανταἏλέ-

101 1709 284 1796 ιιξανδρον
314 1709 441 1795 πέμψαι
471 1707 555 1796 πρὸς
576 1706 682 1787 αὐτάς
706 1709 966 1796 Λεοννάτον,“
946 1737 1005 1778 ενα
1028 1712 1098 1778 τῶν

138 1811 301 1897 ἑταίρων,
332 1807 563 1894 ἐντειλάμενον
587 1809 714 1896 φράσαι
731 1807 782 1876 ὅτι
798 1813 835 1896 ζη
855 1820 1016 1914 Δαρεῖος·
1056 1810 1098 1878 τά

19 1903 21 1910 ’
138 1909 175 1978 δε
198 1907 287 1978 ὅπλα
310 1907 424 1976 καὶ
390 1934 451 1976 τον
474 1907 649 1976 αάνθνν“
631 1934 681 1976 οτι
704 1909 843 1996 φεύγων
861 1893 1022 1978 ἀπέλιπεν
1042 1912 1097 1978 ἐπὶ

137 2036 184 2100 τῳ
204 2007 325 2098 ἅρματι
341 2011 398 2078 καὶ
415 2013 530 2077 ταῦτα
540 2005 590 2076 ὅτι
606 2008 694 2096 μόνα
709 2013 774 2096 ἔχει
787 2007 1013 2098 Ἀλέξανθρος
1040 2011 1098 2078 καὶ

139 2110 332 2180 Λεοννάτον
362 2108 576 2198 παρελθόντα
602 2113 636 2188 ἐς
658 2109 720 2197 τὴν
744 2109 872 2198 σκηνὴν
895 2110 937 2178 τά
960 2135 996 2178 τε
1020 2112 1097 2199 περὶ

102 2237 127 2278 ει
140 2218 290 2300 Δαρείου
314 2217 423 2280 είπείν
446 2213 504 2279 καὶ
528 2207 578 2278 ὅτι
594 2210 655 2298 τὴν
672 2210 857 2300 θεράπειαν
875 2210 996 2290 αὐτοῖς
1014 2212 1098 2298 ξνγ-
1196 2287 1200 2293 .

138 2326 240 2400 χωρεῖ
268 2309 486 2399 Ἀλέξανδρος
522 2310 585 2396 τὴν
611 2311 785 2399 βασιλικὴν
800 2359 801 2363 =
815 2311 873 2378 καὶ
902 2310 963 2380 τὸν
994 2309 1098 2378 άλλου

137 2412 266 2500 κόσμον
289 2413 346 2480 καὶ
369 2417 546 2480 καλεῖσθαι
562 2419 778 2499 βασιλίσσας,
810 2411 882 2480 ἐπεὶ
907 2409 990 2479 οὐδὲ
1013 2412 1097 2480 κατά

140 2519 266 2600 ἔχθραν
284 2517 320 2580 οί
329 2512 489 2598 γενέσθαι
503 2511 564 2578 τὸν
578 2511 726 2599 πόλεμον
741 2511 825 2600 πρὸς
840 2521 1007 2600 Δαρεῖον,
1030 2505 1101 2576 ἀλλ’

138 2613 226 2701 ὑπὲρ
245 2615 303 2700 της
322 2611 426 2702 ἀρχῆς
445 2615 505 2698 τῆς
528 2610 642 2692 Ἀσίας
668 2614 976 2698 διαπεπολεμῆσθαι
998 2605 1099 2680 ἐννό-

103 2739 218 2802 ωμως.
269 2715 381 2796 ταῦταΙ
413 2712 475 2800 μὲν
506 2720 714 2799 Πτολεμαῖος
755 2713 811 2780 καὶ
842 2711 1096 2799 Ἀριστόβουλος

139 2816 289 2901 λέγουσι·
325 2813 425 2899 λόγος
448 2811 486 2882 δὲ
511 2813 656 2899 ἔχεικαὶ
681 2809 787 2880 αὐτὸν
808 2810 1029 2899 Ἀλέξανδρον
1054 2815 1134 2899 τῇΰ

138 2915 300 3004 ὑστεραίᾳ
336 2921 520 3003 παρελθεῖν
556 2923 635 2982 είσω
671 2911 734 2992 ξῦν
760 2910 979 2998 Ἡφαιστίωνι
1003 2912 1098 3003 μόνῳ

138 3019 207 3084 τῶν
232 3018 390 3104 ἑταίρων·
416 3015 474 3082 καὶ
497 3013 558 3100 τὴν
575 3011 779 3101 μητέρατὴν
798 3019 967 3102 Δαρείου,
993 3011 1098 3100 άμφι-

139 3115 330 3203 γνοήσασαν
344 3113 433 3194 ὅστις
447 3111 465 3182 ὁ
479 3115 637 3201 βασιλεῦς
647 3123 697 3200 εἴη
712 3111 846 3200 αότοίν,
861 3112 1019 3182 ἐστάλθαι
1032 3113 1098 3202 γάρ

108 3203 240 3303 εοάμφω
256 3219 304 3306 τῷ
323 3215 416 3305 αὐτῷ
433 3214 567 3304 κόσμῳ,
585 3215 646 3301 τὴν
665 3213 702 3282 δὲ
717 3213 936 3301 Ἡφαιστίωνι
953 3221 1098 3303 προσελ·

139 3327 214 3386 θεῖν
232 3319 290 3385 καὶ
308 3317 550 3404 προσκυνῆσαι,
568 3311 618 3382 ότι
634 3322 754 3400 μείζων
772 3313 860 3402 αὐτῇ
882 3314 989 3402 ἐφάνη
1010 3317 1094 3382 ἐκεί-

141 3443 205 3498 νος.
242 3415 288 3496 ὥς
313 3415 350 3485 δὲ
374 3414 392 3485 ὁ
413 3415 619 3502 Ἡφαιστίων
641 3439 677 3484 τε
700 3413 808 3484 ὀπίσω
826 3413 1023 3503 όπεχοόρησε
1040 3417 1132 3481 nal?
