2632 3922
447 162 631 212 ειιεΒΑΣιε
648 163 674 224 ε,
695 164 734 211 15.
1051 161 1111 222 173

144 319 203 388 καλ
223 317 454 409 Φαρασμάνην
478 317 654 396 ἐπαινέσας
677 343 714 386 τε
736 319 793 386 καὶ
818 323 935 403 φιλίαν
952 317 1008 384 καλ
1027 315 1112 403 ξυμ·

144 426 270 508 μαχίαν
297 418 382 509 πρός
409 417 516 488 αύτδν
540 417 746 505 ξυνθέμενος
764 415 856 510 αύτῷ
875 417 938 503 μὲν
955 416 1031 486 τότε
1049 417 1113 486 ούκ

146 527 210 608 ἔφη
230 523 267 589 ἐν
284 516 388 612 καιρῷ
407 517 495 590 εἶναι
513 518 668 588 ἐλαύνειν
682 520 737 588 ἐπὶ
752 517 813 587 τόν
827 517 978 588 Πόντον·
993 517 1111 606 Ἀρτα-
1226 591 1230 598 ,

144 619 234 714 βάζω
259 620 297 689 δέ
320 626 369 712 τῷ
389 621 523 711 Πέρση,
551 619 618 712 ότφ
641 618 682 688 τά
700 626 877 708 Βακτρίων
901 620 933 700 ἐξ
954 614 1109 699 Ἀλεξάυ·

117 727 232 813 οδρου
252 723 490 812 ἐπετέτραπτο,
516 721 573 790 καὶ
597 719 668 789 ὅσοι
686 719 781 790 άλλοι
798 719 988 808 πρόσχωροι
1003 719 1113 811 τούτῳ

146 821 314 912 σατράπαι
338 821 503 910 ξυστήσας
532 821 762 910 Φαρασμάνην
789 818 978 908 ἀποπέμπει
1005 822 1038 898 ἐς
1056 817 1111 886 ’τά

145 923 214 1012 η”θη
237 923 279 992 τά
307 917 425 992 αύτοῦ.
471 919 564 1014 αύτῷ
589 921 627 992 δὲ
644 921 685 990 τά
702 917 819 992 Ἰνδῶν
837 926 901 1009 ἐφη
921 923 958 990 ἐν
974 925 1022 1012 τῷ
1040 919 1114 989 τότε

94 1017 98 1024 ’
145 1026 268 1113 μέλειν.
321 1023 464 1104 τούτους
496 1019 562 1114 γάρ
583 1021 903 1112 ’καταστρεψάμενος
930 1026 1044 1090 πᾶσαν
1070 1016 1147 1092 άνθ

145 1125 209 1213 ἤδη
230 1131 316 1212 ἐχειν
333 1123 395 1212 τὴν
410 1123 542 1195 Ἀσίαν·
562 1126 720 1212 ἐχομένης
738 1123 777 1192 δέ
794 1126 853 1210 τῆς
864 1122 977 1202 Ἀσίας
997 1125 1114 1191 ἐπανι*

106 1246 133 1288 1⁰
149 1223 221 1296 ἐυαι
248 1230 281 1307 ἐς
303 1223 535 1315 τὴνἙλλάδα·
564 1229 695 1294 ἐκεῖθεν
721 1224 760 1294 δέ
787 1219 843 1312 ἐφ’
857 1221 1113 1312 7Ἑλλησπόντου

147 1355 183 1397 τε
209 1327 351 1414 καὶτῆς
375 1330 608 1415 Προποντίδος
635 1324 698 1405 ξύν
721 1331 763 1415 τῇ
787 1324 931 1412 δυνάμει
955 1322 1046 1412 πόση
1072 1328 1114 1412 τῇ

147 1455 183 1498 τε
200 1434 343 1517 ναυτικῇ
367 1428 424 1498 καί
441 1433 483 1516 τῇ
503 1429 614 1516 πεζικῇ
634 1426 763 1496 ἐλάσειν
782 1435 862 1495 είσω
878 1427 939 1493 τοῦ
958 1424 1113 1494 Πόντου·

147 1529 206 1597 καλ
233 1531 267 1609 ἐς
292 1528 330 1598 τό
357 1527 432 1596 τότε
457 1527 552 1615 ἠξίου
579 1525 770 1596 ἀποθέσθω
796 1525 1025 1615 Φαρασμάνην
1051 1523 1114 1594 ὅσα

151 1633 264 1721 ἐντῷ
292 1635 484 1718 παραυτίκα
511 1629 741 1716 ἐπηγγέλλετο.
1077 1659 1079 1662 ·

109 1752 135 1792 1⁵
226 1726 341 1810 Αύτδς
367 1730 406 1799 δέ
433 1729 488 1798 ἐπὶ
514 1721 685 1806 τδνὩξόν
707 1754 743 1798 τε
762 1722 912 1815 ποταμόν
937 1725 991 1815 ᾔει
1015 1717 1149 1805 αύθιςι

147 1831 208 1900 ’καὶ
223 1832 261 1912 ,ἐς
278 1828 341 1918 την
360 1829 555 1918 Σογδιανὴν
573 1843 760 1918 προχωρεῖν
779 1828 935 1915 ἐγνύκει,
963 1824 1013 1895 ὅτι
1031 1834 1113 1894 πολ·

150 1930 233 2013 λούς
250 1937 321 2001 τάν
340 1935 541 2017 Σογδιανῶν
562 1931 594 2010 ἐς
611 1927 654 1998 τά
674 1929 821 2018 ἐρύματα
845 1927 1117 2015 ξυμπεφευγέναι

149 2031 330 2120 ἠγγέλλετο
356 2029 440 2101 ούδέ
472 2033 602 2101 ἐθέλειν
628 2029 827 2100 κατακούειν
850 2031 914 2110 τού
943 2025 1116 2115 σατράπου
1242 2092 1248 2101 ,

118 2169 123 2178 ·
150 2131 241 2214 ὅστις
259 2131 375 2214 αότοϊς
395 2135 428 2214 ἐξ
445 2127 667 2220 Ἀλεξάνδρου
688 2131 891 2201 ἐπετέτακτο.
932 2150 1117 2218 στρατοπε-

111 2259 137 2299 ιο
152 2234 312 2315 δεύουτος
330 2233 368 2303 δέ
386 2231 491 2302 αὐτοῦ
513 2233 567 2302 ἐπὶ
584 2237 632 2324 τῷ
650 2236 787 2324 ποταμῷ
811 2229 958 2322 τῷὯξφ
983 2225 1024 2297 ού
1051 2255 1114 2316 μα-

150 2334 238 2424 κράν
255 2341 313 2422 της
331 2337 455 2422 σκηνῆς
468 2338 527 2422 τῆς
540 2328 648 2402 αότού
656 2331 877 2422 Ἀλεξάνδρου
892 2329 981 2418 πηγὴ
994 2327 1118 2408 ὕδατος

37 2477 42 2486 ·
150 2437 209 2506 καὶ
234 2434 317 2524 άλλη
344 2437 458 2504 ε’λαίου
484 2432 573 2522 πηγη
598 2441 743 2521 πλησίου
768 2429 872 2520 αὐτῆς
890 2429 1019 2519 άνέσχε.
1061 2428 1151 2498 καλε

152 2542 352 2629 Πτολεμαίῳ
367 2541 414 2628 τῷ
423 2535 540 2622 Λάγου
552 2538 600 2628 τῷ
616 2533 875 2622 σωματοφύλακι
890 2529 1002 2618 ἐπειδὴ
1019 2533 1118 2618 ἐσηγ-

149 2639 258 2724 γέλθη
288 2637 325 2706 τό
350 2638 467 2725 τέρας,
495 2643 705 2724 Πτολεμαῖος
727 2633 933 2726 Ἀλεξάνδρῳ
961 2638 1117 2721 ἔφρασεν.
1246 2651 1250 2658 ’

111 2762 138 2803 τε
150 2736 368 2825 Ἀλέξανδρος
386 2737 423 2806 δέ
439 2743 541 2806 ἔθυεν
557 2736 612 2805 ἐπὶ
626 2741 674 2826 τῷ
693 2735 840 2823 φάσματι
856 2731 919 2802 ὅσα
937 2737 972 2801 οί
986 2732 1119 2820 μάντεις

155 2841 343 2927 ἐξηγοῦντο.
371 2836 614 2928 Ἀρίστανδρος·
626 2835 663 2904 δέ
677 2836 793 2906 πόνων
806 2833 893 2904 εἶναι
907 2847 1045 2922 σημεῖον
1057 2837 1119 2901 τοῦ

155 2942 275 3018 ἐλαίου,
289 2937 352 3027 την
370 2937 483 3026 πηγὴν
503 2944 662 3026 ἔφασκεν·
681 2934 766 3005 άλλά
784 2935 840 3004 καὶ
858 2940 957 3023 νίκην
975 2935 1031 3003 ἐπὶ
1049 2947 1118 3012 τοῖς

153 3039 270 3120 πόνοις
297 3045 481 3128 σημαίνειν.

229 3141 357 3230 Διαβὰς
383 3131 447 3209 οὖν
482 3139 545 3220 ξύν
577 3141 668 3228 μέρει
698 3140 758 3226 της
790 3138 947 3226 στρατιάς
990 3137 1024 3214 ἐς
1056 3133 1117 3220 την
1130 3132 1165 3196 16

112 3268 137 3310 τι
154 3241 365 3330 Σογδιανήν,
401 3241 686 3329 Πολυσπέρχοντα
719 3237 757 3308 δέ
786 3239 843 3307 καὶ
866 3234 1030 3308 ’Ἀτταλου
1047 3235 1119 3308 ,καὶ

152 3349 302 3431 Γοργίαν
315 3344 372 3411 καὶ
388 3341 588 3428 Μελέαγρον
602 3338 707 3409 αὐτοῦ
724 3342 760 3408 ἐν
774 3335 937 3428 Βάκτροις
950 3333 1119 3406 ὑπολιπό-

151 3469 250 3530 μενος
264 3443 393 3523 τούτοις
415 3441 477 3530 μέν
499 3440 700 3530 παρήγγειλε
720 3440 781 3528 τήν
802 3466 838 3508 τε
856 3439 970 3529 χάραν
991 3438 1028 3505 ἐν
1048 3463 1117 3524 φυ-
