2572 3920
445 203 632 255 Αααειευα
649 206 673 266 ε,
691 207 717 257 ε.
1023 202 1063 266 67

94 341 159 430 τὴν
190 340 319 410 ὀπίσω·
363 343 420 410 καὶ
446 337 547 424 αὐτὸς
570 348 629 429 τῆς
649 342 772 424 νυκτδς
796 339 977 430 άναλαβῶν
1002 341 1065 431 τήν

31 499 33 504 .
96 441 259 531 στρατιάν
276 447 389 511 πάσαν
407 441 473 532 ᾔει,
494 441 537 524 ῶς
555 459 734 531 κατασχεῖν
752 436 852 524 αὐθις
869 442 927 523 τάς
945 443 1061 524 πύλας.

96 541 143 624 ῶς
175 543 214 612 δὲ
243 541 330 631 άμφλ
359 544 463 631 μέσας
493 542 618 624 νύκτας
651 544 832 634 ἐκράτησεν
860 536 962 625 αὐθις
995 549 1097 612 τῶνε

95 641 273 732 παρόδων,
292 640 442 712 ὐνέπαυε
460 642 522 730 την
540 643 698 734 στρατιάν
714 643 751 713 τὸ
771 642 892 713 λοιπδν
905 650 964 731 τῆς
978 672 1063 714 νυκ-

69 743 154 824 οτδς
181 739 290 812 αὐτοῦ
316 745 371 812 ἐπὶ
395 748 466 812 τῶν
489 751 640 833 πετρῶν,
668 743 888 834 προφυλακάς
915 740 1063 833 άκριβείς

95 842 400 932 καταστησάμενος.
444 839 513 914 ὐπδ
547 845 586 914 δὲ
614 844 676 932 τὴν
700 849 744 915 ἕω
767 845 880 934 κατῄει
904 840 971 914 άπδ
994 849 1063 913 τῶν

96 949 219 1014 πυλῶν
237 943 320 1012 κατά
333 943 397 1031 τὴν
409 942 507 1016 δδόν·
534 946 591 1014 καὶ
605 948 665 1025 ἕως
678 946 742 1034 μὲν
755 946 863 1033 πάντη
877 943 1063 1034 στενόπορα

95 1039 142 1133 ἦν
167 1043 209 1112 τά
233 1051 358 1133 χωρία,
387 1047 442 1114 ἐπὶ
466 1047 571 1134 κέρως
595 1039 699 1133 ἦγεν·
736 1045 781 1127 ῶς
806 1045 844 1115 δὲ
862 1045 1011 1135 διεχώρει
1029 1048 1063 1125 ἐς

96 1145 235 1230 πλάτος,
254 1141 464 1214 άνέπτυσσεν
477 1144 529 1214 άεὶ
545 1144 582 1215 τδ
602 1149 700 1235 κέρας
720 1150 752 1228 ἐς
770 1144 939 1235 φάλαγγα,
957 1146 1063 1234 άλλην

58 1277 83 1317 ιο
96 1247 154 1314 καί
174 1244 282 1332 άλλην
306 1251 375 1316 τῶν
399 1244 545 1316 ὁπλιτῶν
562 1239 655 1328 τάξιν
674 1245 853 1334 παράγων,
877 1253 920 1336 τῇ
937 1247 1000 1335 μὲν
1018 1245 1063 1327 ῶς
1081 1327 1085 1334 ¹

58 1369 61 1373 ’
97 1345 155 1416 ἐπὶ
180 1345 217 1415 τδ
241 1345 337 1434 ὅρος,
366 1343 403 1416 ἓν
426 1345 585 1438 άριστερᾷ
603 1347 641 1415 δὲ
660 1345 704 1428 ῶς
722 1345 777 1416 ε’πὶ
795 1345 856 1434 τὴν
873 1345 1061 1416 θάλασσαν.

98 1452 134 1520 οί
163 1445 202 1515 δὲ
233 1450 345 1526 ίππεΐς
375 1445 468 1540 αὐτῷ
496 1449 577 1528 τέως
606 1447 669 1536 μὲν
699 1447 840 1516 κατόπιν
863 1452 932 1516 τῶν
956 1453 1097 1530 πεζῶνε

97 1542 292 1635 τεταγμένοι
303 1540 404 1635 ἦσαν,
420 1545 464 1628 ῶς
478 1547 516 1616 δὲ
529 1545 564 1628 ἐς
576 1546 639 1635 τὴν
653 1546 866 1639 εὐρυχωρίαν
879 1548 1062 1639 προῄεσαν,

99 1651 308 1718 συνέτασσεν
325 1646 390 1735 ἤδη
402 1647 465 1734 τὴν
478 1647 638 1739 στρατιάν
656 1647 700 1730 ῶς
717 1647 751 1730 ίς
769 1649 890 1738 μάχην,
908 1649 1065 1739 πρώτους

61 1777 85 1818 15
98 1748 162 1837 μὲν
186 1745 245 1818 ἐπὶ
267 1753 329 1816 τού
354 1751 474 1830 δεξιοῦΙ
489 1749 593 1838 κέρως
618 1749 702 1840 πρὸς
719 1755 766 1842 τῷ
785 1749 854 1839 ὄρει
870 1755 940 1818 τῶν
956 1755 1067 1832 πεζῶν

98 1849 140 1918 τό
156 1877 193 1918 τε
211 1845 324 1936 άγημα
341 1849 398 1916 καὶ
414 1848 494 1931 τούς
510 1847 738 1938 ὑπασπιστάς,
757 1842 806 1918 ῶν
822 1847 934 1938 ἡγεῖτο
953 1849 1065 1920 Νικά·

99 1977 170 2039 νωρ
184 1947 202 2019 ὁ
217 1955 469 2038 Παρμενίωνος,
487 1948 648 2038 ἐχομένην
666 1949 704 2018 δὲ
716 1949 846 2019 τούτων
858 1948 920 2037 τὴν
933 1955 1062 2018 Κοίνου

99 2050 204 2138 τάξιν,
223 2047 279 2118 ἐπὶ
297 2049 335 2117 δὲ
351 2050 480 2130 τούτοις
495 2045 557 2137 τὴν
571 2055 772 2140 Περδίκκαν.
799 2042 892 2119 οὗτοι
908 2049 971 2138 μὲν
989 2055 1063 2119 ἔστε

101 2146 157 2219 ἐπὶ
187 2149 225 2220 τδ
251 2147 359 2237 μέσού
378 2155 448 2218 τῶν
471 2144 620 2219 ὁπλιτῶν
643 2148 709 2219 άπὸ
733 2155 795 2219 τού
822 2152 932 2232 δεξιοῦ
957 2148 1061 2240 άρξα-

62 2281 87 2322 ιο
100 2252 191 2342 μένῳ
209 2251 402 2338 τεταγμένοι
418 2243 515 2337 ἦσαν.
547 2245 602 2318 ε’πλ
620 2250 658 2320 δὲ
674 2255 737 2320 τοῦ
755 2248 932 2339 εὐωνύμου
946 2251 1060 2340 πρῶτη
1077 2266 1095 2314 4

101 2349 164 2438 μὲν
180 2345 202 2437 ἡ
217 2349 384 2438 Ἀμύντου
402 2350 491 2430 τάξις
504 2342 559 2438 ἦν,
578 2347 633 2420 ε’πδ
651 2349 689 2420 δὲ
705 2345 725 2438 ἡ
741 2359 964 2440 Πτολεμαίου,
984 2349 1059 2439 ἒχο-
1117 2442 1119 2446 .

100 2453 183 2540 μένη
198 2449 235 2520 δὲ
248 2449 405 2540 ταύτηςὴ
421 2450 633 2539 Μελεάγρου.
659 2457 720 2520 τοῦ
738 2450 776 2520 δὲ
794 2449 973 2540 εὐωνύμου
990 2466 1062 2531 τοῖς
1130 2523 1135 2534 ,

100 2559 208 2635 'We
222 2549 285 2640 μὲν
298 2552 467 2641 Κράτερος
486 2549 679 2621 ἐπετέτακτο
698 2550 829 2641 άρχειν,
846 2557 909 2620 τού
922 2550 961 2620 δὲ
975 2551 1059 2640 ξύμ-

101 2677 224 2732 παντος
238 2649 416 2742 εὐωνύμου
427 2659 630 2743 Παρμενίων
638 2651 767 2740 ἡγεῖτο·
785 2652 842 2720 καὶ
851 2651 1061 2740 παρήγγελτο

64 2781 88 2822 ει
103 2750 194 2844 αὐτῷ
216 2750 262 2840 μὴ
288 2750 482 2822 άπολείπειν
504 2751 566 2840 τὴν
583 2751 776 2838 θάλασσαν,
802 2751 845 2832 ῶς
862 2751 907 2840 μὴ
926 2761 1059 2821 κυκλω-
1138 2768 1142 2782 “

100 2863 194 2923 θεῖεν
213 2849 251 2922 ἐκ
263 2859 333 2921 τῶν
345 2853 540 2942 βαρβάρων,
558 2851 609 2922 ὅτι
623 2851 731 2939 πάντη
744 2849 1061 2942 ὑπερφαλαγγήσειν

102 2951 216 3023 αὐτῶν
233 2951 288 3021 διά
305 2960 435 3040 πλῆθος
454 2959 602 3042 ἔμελλον.

174 3066 320 3142 Δαρεῖος
345 3056 401 3142 δέ,
433 3051 546 3141 ἐπειδὴ
566 3051 749 3142 ἐξηγγέλθη
767 3049 859 3144 αὐτῷ
877 3050 1058 3142 προσάγων
1076 3069 1093 3119 5

101 3154 162 3242 ἤδη
177 3150 393 3244 Ἀλέξανδρος
412 3149 456 3235 ῶς
475 3151 508 3234 ἒς
525 3151 652 3243 μάχην,
671 3159 739 3223 τῶν
756 3151 818 3242 μὲν
837 3155 967 3223 ἱππέων
984 3160 1057 3223 δια·

68 3284 91 3324 αο
103 3256 218 3343 βιβάξει
241 3256 348 3345 πέραν
366 3261 428 3326 τού
446 3261 598 3343 ποταμοῦ
614 3259 676 3324 τού
695 3253 846 3342 Πινάρου
866 3251 900 3334 ἐς
917 3276 1058 3344 τρισμυ-

104 3364 193 3444 ρίους
222 3356 364 3446 μάλιστα
393 3355 453 3426 τδν
481 3352 628 3446 δριθμδν
654 3355 709 3423 καί
732 3353 814 3443 μετά
835 3353 967 3424 τούτων
991 3361 1059 3424 τῶν

105 3464 205 3540 ψιλῶν
235 3457 270 3538 ἐς
301 3463 516 3549 δισμυρίους,
547 3455 638 3537 ὅπως
668 3454 730 3544 την
760 3454 882 3542 λοιπὴν
914 3455 1058 3543 δύναμιν

869 3566 904 3617 52

1255 26 1258 110 λ

1258 297 1261 404 λ

1259 406 1262 470 α
