2620 3924
178 175 239 240 102
347 231 349 234 ,
529 172 781 234 ΔΛΕΞΑΝΔΡΟΤ

175 317 237 404 μέν
263 315 318 386 εἀλ
341 317 404 403 τήν
423 317 577 406 Γοργόνα
598 315 653 384 ὅτε
671 317 755 405 πρὸς
774 320 993 388 Πολυδέκτου
1021 321 1137 389 ἐστέλ-

176 427 269 505 λετο,
292 417 353 485 τὸν
371 417 409 486 δέ
427 416 482 486 ότε
500 416 579 506 παρ’
602 416 758 486 Ἀνταῖον
783 417 835 505 ήει
860 426 909 497 είς
927 419 1060 508 Λιβύην
1077 423 1148 488 καί·

142 535 158 583 2
177 518 688 607 παράΒούσιρινείςΑῖγνιττον.
706 519 1136 611 Ἀλεξάνδρῳδέφιλοτιμία

174 611 217 704 ἦν
234 618 320 707 πρός
335 622 468 708 Περσέα
481 621 538 688 καὶ
549 617 704 706 Ἡραλέα,
721 617 788 686 ἀκδ
803 623 925 706 γένους
939 647 974 688 τε
987 619 1059 689 όντι
1072 625 1133 689 τού

176 719 307 807 ἀμφοῖν
324 727 384 790 καί
398 747 430 787 τι
447 721 504 788 καὶ
523 719 627 798 αύτός
640 722 698 805 τῆς
712 722 873 805 γενέσεως
886 725 945 808 τῆς
961 723 1084 790 ἑαυτοῦ
1101 725 1161 802 έςο

165 819 331 908 ’Ἄμμωνα
344 819 499 909 ἀνέφερε,
517 820 672 909 καδάιτερ
687 825 723 888 οἱ
733 827 839 907 μῦθοι
855 821 917 908 τήν
932 819 1134 907 Ἡρακλέους

175 948 211 990 τε
236 923 293 989 καὶ
319 923 475 1010 Περσέως
508 923 542 1001 ἐς
570 929 649 990 Διά.
691 923 749 988 καὶ
780 913 844 990 οὖν
875 921 956 1010 παρ’
971 921 1134 1010 ’Ἀμμωνα

174 1023 282 1110 ταύτη
296 1027 337 1110 τῇ
352 1022 470 1110 γνώμη
486 1023 668 1108 ἐστέλλετο,
687 1020 732 1101 ύς
746 1023 802 1090 καί
816 1023 857 1089 τὰ
875 1021 982 1091 αύτοῦ
996 1023 1134 1112 ἀτρεκέ-

176 1144 293 1211 στερον
311 1123 483 1210 εἰσόμενος
501 1119 522 1208 ή
539 1123 658 1210 φήσων
676 1149 714 1208 γε
733 1125 922 1209 ἐγνωκέναι.

141 1239 158 1288 3
204 1237 206 1242 “
252 1225 363 1313 Μέχρι
379 1223 442 1311 μὲν
464 1223 506 1311 δὴ
525 1231 755 1311 Παραιτονίου
779 1225 869 1311 ττιῑρά
886 1225 1065 1292 θάλασσαν
1082 1222 1173 1311 ήειιο

175 1323 220 1393 δι’
243 1325 387 1412 ἐρήμου,
406 1323 446 1393 ού
465 1326 579 1411 μέντοι
597 1323 641 1392 δι’
661 1323 814 1412 ἀνύδρου
827 1329 886 1410 τῆς
903 1325 1033 1412 χύρας,
1052 1343 1133 1392 στα-

175 1430 272 1505 δίους
299 1428 332 1504 ἐς
350 1433 479 1512 χιλίους
496 1427 554 1493 καί
580 1425 792 1510 ἑξακοσίους,
817 1423 863 1504 ύς
881 1427 968 1510 λέγει
982 1425 1133 1514 Ἀριστό-

174 1534 306 1613 βουλος.
336 1529 496 1594 ἐντεῦθεν
510 1525 547 1594 δέ
562 1528 595 1604 ἐς
608 1525 670 1612 τὴν
682 1525 865 1612 μεσόγαιαν
885 1525 1057 1614 ἐτράνιειο,
1076 1531 1134 1594 ἵνα

175 1627 213 1694 τὸ
238 1641 397 1713 μαντεῖον
419 1617 462 1712 ήν
486 1630 547 1694 τοῦ
564 1625 750 1713 ’Ἄμμωνος
792 1631 860 1694 ἔστι
882 1626 920 1694 δὲ
939 1627 1042 1714 ἐρήμη
1060 1625 1133 1711 τεή

140 1742 158 1790 4
177 1725 262 1806 ὁδός
281 1728 339 1794 καὶ
357 1727 492 1814 ψάμμος
516 1727 623 1814 πολλή
640 1725 745 1813 αύτής
762 1727 820 1794 καὶ
844 1725 1000 1815 ἀνυδρος.
1038 1724 1132 1814 ὕδωρ
1148 1718 1172 1791 ιε

176 1827 213 1896 δέ
233 1829 265 1908 ἐξ
284 1827 434 1916 ούρανοῦ
450 1826 658 1918 Ἀλεξάνδρςο
677 1827 764 1895 πολύ
784 1829 935 1915 ἐγένετο,
958 1829 1134 1896 καὶτοῦτο

177 1932 210 2008 ἐς
227 1928 265 1996 τδ
283 1939 381 2023 θεῖον
399 1927 577 2016 ἀνηνέχθη.
611 1928 780 2016 ἀνηνέχθη
799 1927 836 1996 δὲ
856 1931 889 2007 ές
906 1928 943 1996 τό
961 1938 1059 1998 θεῖον
1076 1931 1134 1997 καὶ

38 2089 46 2098 .
174 2029 267 2098 τόδε·
286 2027 408 2116 α”νεμος
417 2029 515 2108 νότος
531 2030 619 2097 ἐπὰν
629 2029 760 2116 ανεύση
776 2031 812 2096 ἐν
828 2032 945 2120 ἐκείνῳ
958 2033 1006 2119 τῷ
1021 2029 1135 2121 χύρφ,

175 2229 370 2317 ἀφανιζεται
391 2234 450 2317 της
474 2228 557 2298 δδού
583 2232 624 2298 τὰ
649 2245 768 2318 σημεῖα
786 2227 867 2298 οὐδὲ·
893 2235 982 2299 ἐστιν
1007 2232 1172 2304 είδέναιεο

176 2335 234 2400 ἵνα
251 2330 313 2417 χρή
332 2330 537 2418 πορεύεσθαι
554 2329 708 2419 καδάιτερ
728 2334 765 2399 ἐν
781 2330 917 2416 κελάγει
933 2335 974 2417 νή
994 2332 1133 2422 ψάμμῳ,
1186 2375 1189 2380 ·

175 2429 226 2500 ὅτι
249 2446 367 2518 σημεῖα
392 2431 456 2499 ούιι
481 2437 548 2499 ἐστι
572 2432 656 2499 κατὰ
680 2430 743 2516 τήν
768 2429 850 2498 ὁδόν
874 2429 952 2498 ούτε
969 2455 1036 2500 που
1055 2429 1133 2519 όρος

176 2529 254 2601 οὔτε
272 2533 414 2618 δένδρον
433 2529 511 2600 οὔτε
528 2531 670 2618 γήλοφοι
689 2533 817 2620 βέβαιοι
834 2529 1063 2618 ἀνεστηκότες,
1081 2526 1145 2610 οἷς

174 2652 259 2701 τισιν
277 2637 313 2699 οῖ
328 2629 438 2700 ὁδῖται
454 2640 685 2718 τεκμαίροιντο
703 2629 825 2718 ἀυτήν
842 2639 1001 2721 κορείαν,
1021 2631 1133 2700 καδά-

176 2757 238 2821 περ
261 2737 298 2800 οἱ
317 2739 441 2801 ναῦται
465 2749 537 2812 τοῖς
557 2731 705 2822 ἄστροις·
735 2731 805 2800 ἀλλ’
832 2734 999 2801 ἐπλανᾶτο
1021 2733 1087 2821 γὰρ
1111 2730 1173 2819 ήεε

176 2833 313 2922 στρατιά
328 2832 535 2924 Ἀλεξάνδρῳ
549 2836 607 2902 καλ
620 2840 657 2903 οἰ
671 2831 832 2920 ήγεμόνες
845 2835 904 2918 τῆς
922 2831 1005 2902 ὁδοῦ
1024 2833 1131 2921 ἀμφί·

142 2947 159 2997 5
175 2942 269 3023 βολοι
284 2926 379 3022 ἦσαν.
413 2943 622 3022 Πτολεμαῖος
638 2935 702 3022 μέν
719 2936 760 3022 δή
775 2933 793 3002 ὁ
807 2935 925 3020 Λόγου
943 2935 1031 3020 λέγει
1048 2933 1134 3022 δρά-

176 3062 297 3114 κοντας
316 3036 380 3104 δύο
399 3037 486 3106 ίέναι
504 3035 567 3123 πρὸ
582 3039 644 3102 τοῦ
664 3035 909 3123 στρατεύματος
927 3036 1047 3122 φωνήν
1063 3037 1134 3104 ίέν-

175 3161 248 3223 τας,
265 3135 322 3202 καὶ
340 3136 472 3214 τούτοις
487 3133 708 3220 Ἀλέξανδρον
725 3137 879 3204 κελεῦσαι
897 3137 1037 3204 ἕπεσθαι
1053 3135 1134 3214 τούς

176 3235 345 3324 ήγεμόνας
359 3236 601 3314 πιστεύσαντας
614 3239 661 3327 τῷ
675 3244 777 3328 δεῖμ’
794 3235 877 3316 τούς
891 3235 929 3304 δέ
942 3235 1133 3324 ἡγήσασθαι
1147 3267 1173 3308 ιο

176 3337 238 3422 τήν
262 3335 346 3404 ὁδόν
370 3335 432 3424 τήν
455 3363 491 3405 τε
516 3339 550 3416 ές
567 3337 606 3404 ιδ
623 3353 783 3424 μαντεῖον
800 3338 857 3404 καὶ
881 3333 990 3405 όκίσω
1015 3328 1133 3416 αὖθις·

143 3447 160 3496 6
173 3435 430 3525 Ἀριστόβουλος
444 3439 500 3526 δέ,
513 3438 571 3506 καί
585 3436 603 3505 ὁ
619 3445 744 3506 κλείων
758 3437 857 3522 λόγος
870 3437 978 3525 ταύτῃ
992 3439 1135 3524 κατέχει,
