2632 3922
211 143 271 207 174
568 141 820 200 εεεωεααεοτ
934 185 936 192 ,

209 303 294 390 λακῇ
314 306 411 388 ἔχειν,
439 293 484 379 τός
510 298 556 388 μή
582 327 612 368 τι
637 307 880 384 νεωτερίσωσιν
897 303 940 368 ολ,
955 301 1060 388 ταύτῃ
1086 299 1181 389 βάρ-

207 409 321 491 βαροι,
348 403 405 469 καὶ
431 399 511 480 τούς
537 397 603 487 ἤδη
627 399 853 488 ἀφεστηκότας
879 400 995 470 αὐτῶν
1013 404 1178 491 ἐξαιρεῖν·

175 507 190 555 2
208 499 308 582 αύτδς
334 502 372 570 δέ
392 503 425 579 ές
439 500 539 571 πέντε
555 501 640 590 μέρη
659 499 779 569 διελύν
796 500 859 588 τὴν
876 499 945 588 ἀμα
963 496 999 570 οἷ
1014 501 1178 590 στρατιάν

207 607 275 672 τῶν
299 601 362 690 μὲν
384 601 612 688 Ἡφαιστίωνα
639 599 753 688 ἀρχειν
779 605 888 686 ἔταξε,
915 607 985 670 τοῖν
1008 602 1055 672 δέ
1081 614 1175 672 Πτο-
1204 634 1210 639 ·

209 713 349 792 λεμαϊον
365 702 426 770 τόν
440 703 558 787 Λάγου
576 701 637 770 τόν
656 702 946 788 σωματοφύλακα·
961 716 1031 783 τοῖς
1049 710 1174 792 τρίτοις
1189 735 1210 776 ⁵
1300 775 1301 788 ,

209 803 247 872 δέ
281 807 476 892 Περδίκκαν
511 803 659 883 ἐπέταξε·
700 802 829 890 τῆςδὲ
859 803 1016 890 τετάρτης
1048 805 1227 886 τάξεως

209 913 332 984 Κοῖνος
353 899 410 970 καὶ
428 901 625 990 Ἀρτάβαζος
644 900 790 989 ἡγοῦντο
811 901 921 994 αύτῷ·
944 900 1006 990 τὴν
1029 904 1067 972 66
1086 905 1174 993 πέμ-

208 1031 295 1092 πτην
318 1018 440 1092 μοιραν
464 1002 645 1126 ἀναλαβφν
669 1002 770 1082 αὐτὸς
793 973 944 1092 έπῄεί
902 1030 971 1128 την
994 1003 1108 1094 χάραν
1127 997 1227 1086 ὦς

174 1109 265 1176 3έπὶ
284 1104 508 1193 Μαράκανδα
553 1105 611 1172 καὶ
637 1109 674 1172 οἱ
697 1102 794 1172 ἄλλοι
821 1101 867 1184 τός
895 1103 1042 1186 ἑκάστοις
1061 1104 1172 1192 πρού-

208 1233 308 1294 χωρει
333 1205 497 1294 ἐπῄεσαν,
523 1204 604 1285 τούς
627 1205 690 1292 μέν
707 1231 800 1284 τινας
823 1207 893 1272 τῶν
912 1208 946 1285 ές
962 1203 1003 1273 τά
1024 1208 1173 1295 ἐρύματα
1188 1219 1219 1280 ιο

208 1305 493 1394 ξυμπεφευγότων
520 1312 580 1396 βίᾳ
607 1307 835 1391 ἐξαιροῦντες,
861 1306 942 1386 τούς
960 1305 998 1374 δέ
1015 1308 1073 1375 καὶ
1090 1308 1172 1396 ὁμο-

208 1413 305 1498 λογίᾳ
330 1405 612 1500 προσχωροῦντάς
637 1427 752 1493 σφισιν
778 1406 1082 1494 ἀναλαμβάνοντες.
1127 1407 1172 1489 τίς

208 1508 246 1576 66
264 1506 482 1595 ξύμπασα’
440 1512 533 1598 αυτῷ
550 1535 571 1594 η
561 1505 747 1594 ’δύναμις,
776 1511 967 1577 ἐπελθούσα
991 1513 1061 1576 τῶν
1080 1519 1172 1595 Σογ-

209 1610 393 1676 διανῶυ
354 1635 412 1694 της
430 1607 540 1696 χώρας
559 1604 622 1694 τὴν
639 1607 785 1695 πολλήν,
805 1608 1073 1696 ἐςΜαράκανδα
1089 1609 1172 1698 άφί-

208 1735 302 1796 κετο,
318 1707 546 1797 Ηφαιστίωυα
561 1707 656 1795 μέν’
639 1714 798 1796 εκπὲμιτει
809 1707 868 1788 τὰς
890 1711 927 1777 έν
940 1737 982 1798 τη
965 1713 1171 1799 Σογδιανῇ
1187 1741 1218 1781 ιτ
1300 1729 1301 1780 λ

208 1810 320 1890 πόλεις
348 1815 563 1895 συνοικίζειν,
597 1817 725 1878 Κοῖνον
753 1808 791 1878 δε
816 1809 872 1877 καὶ
896 1807 1054 1899 Ἀρτάβαζ
1054 1837 1093 1882 ον
1126 1809 1172 1890 ἀς

210 1915 243 1992 ἐς
271 1907 481 1998 Σκύθας,”
461 1937 512 1979 οτι
539 1913 572 1990 ές
600 1909 744 1990 Σκύθας
770 1911 1058 1996 καταπεφευγέναι
1084 1921 1172 1980 Σπι-
1300 1903 1301 1954 ¹

208 2013 352 2099 ταμεύης
395 2010 487 2100 αύτφ
535 2009 770 2097 ἐξηγγέλλετο,
810 2009 910 2090 αύτδς
953 2009 991 2079 δὲ
1033 2009 1096 2092 ξύν
1130 2038 1172 2100 τη

209 2115 308 2201 λοιπη
334 2116 470 2199 στρατιᾷ
498 2108 601 2206 έπιοδν
627 2115 686 2197 τῆς
705 2109 938 2197 Σογδιανῆς
924 2109 988 2180 όσα
1016 2117 1070 2180 ἔτι
1087 2109 1200 2200 πρός·
1241 2111 1244 2115 ’

207 2215 276 2282 τάν
314 2206 552 2299 ἀφεστηκότων
590 2216 758 2298 κατείχετο
794 2213 901 2280 ταύτα
943 2210 984 2280 06
1020 2215 1215 2300 χαλεπάςεο

210 2312 329 2402 ἐξῄρει.

172 2433 190 2480 4
281 2411 334 2484 Ἐν
360 2411 490 2492 τούτοις
516 2410 555 2480 δὲ
578 2409 800 2500 Ἀλεξάνδρου
835 2410 932 2492 όντος
961 2412 1173 2502 Σπιταμένης

207 2540 243 2582 τε
268 2514 324 2581 καὶ
356 2512 422 2582 σύν
451 2511 543 2603 αὐτῷ
571 2516 640 2580 τῶν
668 2518 867 2598 Σογδιανῶν
892 2540 979 2594 τινες
1006 2514 1173 2600 φυγάδων
1300 2539 1301 2562 ¹

208 2616 241 2698 ές
259 2616 328 2683 τῶν
346 2615 498 2682 Σκυθῶν
522 2617 591 2682 τῶν
610 2617 845 2700 Μασσαγετῶν
869 2616 1088 2702 καλουμένων
1110 2613 1173 2701 την

207 2715 320 2804 χάραν
339 2713 611 2802 ξυμπεφευγότες
630 2714 876 2800 ξυναγαγόντες
900 2717 968 2783 τῶν
989 2723 1171 2801 Μασσαγε-
1184 2738 1213 2784 ετ

206 2818 274 2884 τόν
294 2815 414 2896 ἱππέας
434 2817 629 2896 ἑξακοσίους
653 2813 817 2902 ἀφίκοντο
846 2814 930 2903 πρός
953 2841 985 2882 τι
1007 2817 1173 2904 φρούριον

172 2920 275 2985 ετόν
300 2917 384 2986 κατὰ
410 2915 471 3004 τὴν
489 2915 710 3004 Βακτριανήν.
763 2918 885 3006 καὶτῷ
907 2941 944 2983 τε
967 2917 1173 3008 φρουράρχῳ

206 3017 310 3087 οὐδὲν
327 3017 486 3105 πολέμιον
504 3016 761 3111 προσδεχομένην
787 3015 999 3096 ἐπιπεσόντες
1022 3019 1080 3084 καὶ
1102 3033 1173 3097 τοῖς

207 3117 270 3198 ξύν
288 3119 399 3208 τούτῳ
416 3117 478 3203 τὴν
496 3115 653 3203 φυλακὴν
672 3121 785 3202 έχουσι
798 3115 879 3196 τούς
893 3115 955 3203 μέν
970 3115 1173 3205 στρατιώτας

206 3219 420 3306 διέφθειραν,
446 3214 508 3286 τόν
532 3215 751 3305 φρούραρχον
775 3216 813 3285 δὲ
832 3216 962 3296 ἑλόντες
981 3219 1017 3285 έν
1035 3222 1172 3308 φυλακῇ
1187 3247 1212 3288 ιο

207 3317 308 3405 εἶχον.
347 3317 579 3407 θαρρήσαντες
603 3315 641 3386 66
667 3317 723 3386 ἐπὶ
740 3322 800 3385 τοῦ
821 3324 990 3404 φρουρίου
1008 3321 1050 3406 τῇ
1069 3344 1172 3386 κατα-

184 3417 304 3508 λήγει
329 3413 459 3502 ὀλίγαις
491 3415 627 3506 ἡμέραις
653 3414 798 3506 ὕστερον
831 3417 1034 3506 Ζαριάσποις
1068 3418 1172 3488 πελά-
