<?xml version="1.0" encoding="UTF-8"?>
<!DOCTYPE html PUBLIC "-//W3C//DTD XHTML 1.0 Transitional//EN"
    "http://www.w3.org/TR/xhtml1/DTD/xhtml1-transitional.dtd">
<html xmlns="http://www.w3.org/1999/xhtml" xml:lang="en" lang="en">
 <head>
  <title>
</title>
<meta http-equiv="Content-Type" content="text/html;charset=utf-8" />
  <meta name='ocr-system' content='tesseract 3.04.00' />
  <meta name='ocr-capabilities' content='ocr_page ocr_carea ocr_par ocr_line ocrx_word'/>
</head>
<body>
  <div class='ocr_page' id='page_1' title='image "./arrianianabasis01arrigoog_0346.png"; bbox 0 0 2546 3920; ppageno 0'>
   <div class='ocr_carea' id='block_1_1' title="bbox 402 185 1061 252">
    <p class='ocr_par' dir='ltr' id='par_1_1' title="bbox 402 185 1061 252">
     <span class='ocr_line' id='line_1_1' title="bbox 402 185 1061 252; baseline 0.018 -14"><span class='ocrx_word' id='word_1_1' title='bbox 402 185 586 238; x_wconf 73' lang='lat' dir='ltr'><strong><em>ANAssfflz:</em></strong></span> <span class='ocrx_word' id='word_1_2' title='bbox 604 189 629 252; x_wconf 84' lang='grc' dir='ltr'><strong><em>τ,</em></strong></span> <span class='ocrx_word' id='word_1_3' title='bbox 648 188 689 238; x_wconf 81' lang='grc' dir='ltr'><strong><em>ει.</em></strong></span> <span class='ocrx_word' id='word_1_4' title='bbox 709 188 750 236; x_wconf 81' lang='grc' dir='ltr'><strong><em>τε,</em></strong></span> <span class='ocrx_word' id='word_1_5' title='bbox 996 185 1061 250; x_wconf 83' lang='grc'><strong><em>329</em></strong></span> 
     </span>
    </p>
   </div>
   <div class='ocr_carea' id='block_1_2' title="bbox 36 337 1125 3546">
    <p class='ocr_par' dir='ltr' id='par_1_2' title="bbox 36 337 1125 2442">
     <span class='ocr_line' id='line_1_2' title="bbox 89 337 1068 431; baseline 0.003 -22"><span class='ocrx_word' id='word_1_6' title='bbox 89 339 261 410; x_wconf 75' lang='grc' dir='ltr'><strong><em>ἐπιθέντα</em></strong></span> <span class='ocrx_word' id='word_1_7' title='bbox 279 337 393 410; x_wconf 85' lang='grc' dir='ltr'><strong><em>οόκέτι</em></strong></span> <span class='ocrx_word' id='word_1_8' title='bbox 414 339 579 411; x_wconf 85' lang='grc' dir='ltr'><strong><em>ἐλιννύειν</em></strong></span> <span class='ocrx_word' id='word_1_9' title='bbox 597 343 819 431; x_wconf 76' lang='grc' dir='ltr'><strong><em>πυρέσσοντα.</em></strong></span> <span class='ocrx_word' id='word_1_10' title='bbox 848 339 933 412; x_wconf 83' lang='grc' dir='ltr'><strong><em>άλλά</em></strong></span> <span class='ocrx_word' id='word_1_11' title='bbox 952 345 1008 412; x_wconf 79' lang='grc' dir='ltr'><strong><em>καὶ</em></strong></span> <span class='ocrx_word' id='word_1_12' title='bbox 1024 341 1068 425; x_wconf 73' lang='grc' dir='ltr'><strong><em>ὣς</em></strong></span> 
     </span>
     <span class='ocr_line' id='line_1_3' title="bbox 87 439 1107 532; baseline 0.005 -23"><span class='ocrx_word' id='word_1_13' title='bbox 87 439 181 521; x_wconf 83' lang='grc' dir='ltr'><strong><em>τούς</em></strong></span> <span class='ocrx_word' id='word_1_14' title='bbox 198 440 368 529; x_wconf 77' lang='grc' dir='ltr'><strong><em>ἡγεμόνας</em></strong></span> <span class='ocrx_word' id='word_1_15' title='bbox 386 445 628 512; x_wconf 78' lang='grc' dir='ltr'><strong><em>εἰσκαλέσαντα</em></strong></span> <span class='ocrx_word' id='word_1_16' title='bbox 655 445 899 532; x_wconf 76' lang='grc' dir='ltr'><strong><em>παραγγέλλειν</em></strong></span> <span class='ocrx_word' id='word_1_17' title='bbox 923 446 964 512; x_wconf 79' lang='grc' dir='ltr'><strong><em>τά</em></strong></span> <span class='ocrx_word' id='word_1_18' title='bbox 983 446 1068 532; x_wconf 85' lang='grc' dir='ltr'><strong><em>πρὸς</em></strong></span> <span class='ocrx_word' id='word_1_19' title='bbox 1104 483 1107 493; x_wconf 66' lang='lat'>=</span> 
     </span>
     <span class='ocr_line' id='line_1_4' title="bbox 89 540 1071 634; baseline 0.006 -25"><span class='ocrx_word' id='word_1_20' title='bbox 89 541 162 610; x_wconf 84' lang='grc' dir='ltr'><strong><em>τόν</em></strong></span> <span class='ocrx_word' id='word_1_21' title='bbox 188 547 335 610; x_wconf 81' lang='grc' dir='ltr'><strong><em>ἔκπλουν</em></strong></span> <span class='ocrx_word' id='word_1_22' title='bbox 359 541 452 623; x_wconf 83' lang='grc' dir='ltr'><strong><em>ὅπως</em></strong></span> <span class='ocrx_word' id='word_1_23' title='bbox 476 540 570 634; x_wconf 79' lang='grc' dir='ltr'><strong><em>αὐτῷ</em></strong></span> <span class='ocrx_word' id='word_1_24' title='bbox 597 549 686 612; x_wconf 84' lang='grc' dir='ltr'><strong><em>ἔσται</em></strong></span> <span class='ocrx_word' id='word_1_25' title='bbox 705 547 831 631; x_wconf 79' lang='grc' dir='ltr'><strong><em>ἕτοιμα·</em></strong></span> <span class='ocrx_word' id='word_1_26' title='bbox 876 545 1071 615; x_wconf 87' lang='grc' dir='ltr'><strong><em>λούσασθαί</em></strong></span> 
     </span>
     <span class='ocr_line' id='line_1_5' title="bbox 89 643 1065 733; baseline 0.005 -24"><span class='ocrx_word' id='word_1_27' title='bbox 89 669 136 712; x_wconf 84' lang='grc' dir='ltr'><strong><em>τε</em></strong></span> <span class='ocrx_word' id='word_1_28' title='bbox 155 645 210 712; x_wconf 76' lang='grc' dir='ltr'><strong><em>ἐπὶ</em></strong></span> <span class='ocrx_word' id='word_1_29' title='bbox 227 648 270 729; x_wconf 75' lang='grc' dir='ltr'><strong><em>τῇ</em></strong></span> <span class='ocrx_word' id='word_1_30' title='bbox 291 644 427 733; x_wconf 80' lang='grc' dir='ltr'><strong><em>ἑσπέρᾳ,</em></strong></span> <span class='ocrx_word' id='word_1_31' title='bbox 451 644 508 712; x_wconf 83' lang='grc' dir='ltr'><strong><em>καὶ</em></strong></span> <span class='ocrx_word' id='word_1_32' title='bbox 527 645 738 730; x_wconf 83' lang='grc' dir='ltr'><strong><em>λουσάμενον</em></strong></span> <span class='ocrx_word' id='word_1_33' title='bbox 755 643 820 733; x_wconf 81' lang='grc' dir='ltr'><strong><em>ἡθη</em></strong></span> <span class='ocrx_word' id='word_1_34' title='bbox 842 650 927 732; x_wconf 75' lang='grc' dir='ltr'><strong><em>ἔχειν</em></strong></span> <span class='ocrx_word' id='word_1_35' title='bbox 946 653 1065 726; x_wconf 76' lang='grc' dir='ltr'><strong><em>κακῶς.</em></strong></span> 
     </span>
     <span class='ocr_line' id='line_1_6' title="bbox 56 741 1100 834; baseline 0.006 -24"><span class='ocrx_word' id='word_1_36' title='bbox 56 748 141 831; x_wconf 77' lang='grc' dir='ltr'><strong><em>στῇ</em></strong></span> <span class='ocrx_word' id='word_1_37' title='bbox 170 742 209 812; x_wconf 71' lang='grc' dir='ltr'><strong><em>δέ</em></strong></span> <span class='ocrx_word' id='word_1_38' title='bbox 233 741 396 834; x_wconf 79' lang='grc' dir='ltr'><strong><em>ὑστεραίᾳ</em></strong></span> <span class='ocrx_word' id='word_1_39' title='bbox 421 751 708 833; x_wconf 73' lang='grc' dir='ltr'><strong><em>μετακομισθῆναι</em></strong></span> <span class='ocrx_word' id='word_1_40' title='bbox 734 747 768 824; x_wconf 85' lang='grc' dir='ltr'><strong><em>ές</em></strong></span> <span class='ocrx_word' id='word_1_41' title='bbox 786 747 848 832; x_wconf 93' lang='grc' dir='ltr'><strong><em>τὴν</em></strong></span> <span class='ocrx_word' id='word_1_42' title='bbox 875 753 988 816; x_wconf 90' lang='grc' dir='ltr'><strong><em>οἰκίαν</em></strong></span> <span class='ocrx_word' id='word_1_43' title='bbox 1006 749 1100 834; x_wconf 86' lang='grc' dir='ltr'><strong><em>τὴν5</em></strong></span> 
     </span>
     <span class='ocr_line' id='line_1_7' title="bbox 90 841 1068 936; baseline 0.003 -24"><span class='ocrx_word' id='word_1_44' title='bbox 90 841 185 932; x_wconf 88' lang='grc' dir='ltr'><strong><em>πρός</em></strong></span> <span class='ocrx_word' id='word_1_45' title='bbox 212 849 253 932; x_wconf 77' lang='grc' dir='ltr'><strong><em>τῇ</em></strong></span> <span class='ocrx_word' id='word_1_46' title='bbox 280 844 503 936; x_wconf 73' lang='grc' dir='ltr'><strong><em>κολυμβήθρα</em></strong></span> <span class='ocrx_word' id='word_1_47' title='bbox 530 847 587 914; x_wconf 79' lang='grc' dir='ltr'><strong><em>καὶ</em></strong></span> <span class='ocrx_word' id='word_1_48' title='bbox 605 851 714 914; x_wconf 81' lang='grc' dir='ltr'><strong><em>θόσαι</em></strong></span> <span class='ocrx_word' id='word_1_49' title='bbox 731 846 793 934; x_wconf 76' lang='grc' dir='ltr'><strong><em>μὲν</em></strong></span> <span class='ocrx_word' id='word_1_50' title='bbox 811 846 852 914; x_wconf 83' lang='grc' dir='ltr'><strong><em>τά</em></strong></span> <span class='ocrx_word' id='word_1_51' title='bbox 870 849 1068 936; x_wconf 84' lang='grc' dir='ltr'><strong><em>τεταγμένα,</em></strong></span> 
     </span>
     <span class='ocr_line' id='line_1_8' title="bbox 91 943 1068 1036; baseline 0.005 -24"><span class='ocrx_word' id='word_1_52' title='bbox 91 951 220 1029; x_wconf 79' lang='grc' dir='ltr'><strong><em>ἔχοντα</em></strong></span> <span class='ocrx_word' id='word_1_53' title='bbox 247 943 285 1012; x_wconf 76' lang='grc' dir='ltr'><strong><em>δέ</em></strong></span> <span class='ocrx_word' id='word_1_54' title='bbox 310 947 467 1034; x_wconf 87' lang='grc' dir='ltr'><strong><em>πονήρως</em></strong></span> <span class='ocrx_word' id='word_1_55' title='bbox 495 945 583 1035; x_wconf 81' lang='grc' dir='ltr'><strong><em>ὅμως</em></strong></span> <span class='ocrx_word' id='word_1_56' title='bbox 612 949 786 1016; x_wconf 78' lang='grc' dir='ltr'><strong><em>ἐσκαλέσαι</em></strong></span> <span class='ocrx_word' id='word_1_57' title='bbox 803 949 872 1015; x_wconf 78' lang='grc' dir='ltr'><strong><em>τῶν</em></strong></span> <span class='ocrx_word' id='word_1_58' title='bbox 890 947 1068 1036; x_wconf 89' lang='grc' dir='ltr'><strong><em>ἡγεμόνων</em></strong></span> 
     </span>
     <span class='ocr_line' id='line_1_9' title="bbox 89 1042 1067 1138; baseline 0.005 -27"><span class='ocrx_word' id='word_1_59' title='bbox 89 1043 181 1124; x_wconf 83' lang='grc' dir='ltr'><strong><em>τούς</em></strong></span> <span class='ocrx_word' id='word_1_60' title='bbox 212 1046 505 1135; x_wconf 76' lang='grc' dir='ltr'><strong><em>ἐπικαιριωτάτους</em></strong></span> <span class='ocrx_word' id='word_1_61' title='bbox 539 1049 596 1116; x_wconf 84' lang='grc' dir='ltr'><strong><em>καλ</em></strong></span> <span class='ocrx_word' id='word_1_62' title='bbox 632 1045 721 1138; x_wconf 74' lang='grc' dir='ltr'><strong><em>ὑπὲρ</em></strong></span> <span class='ocrx_word' id='word_1_63' title='bbox 755 1051 817 1116; x_wconf 85' lang='grc' dir='ltr'><strong><em>τοῦ</em></strong></span> <span class='ocrx_word' id='word_1_64' title='bbox 852 1051 938 1116; x_wconf 84' lang='grc' dir='ltr'><strong><em>πλοῦ</em></strong></span> <span class='ocrx_word' id='word_1_65' title='bbox 965 1042 1067 1129; x_wconf 77' lang='grc' dir='ltr'><strong><em>αὖθις</em></strong></span> 
     </span>
     <span class='ocr_line' id='line_1_10' title="bbox 90 1147 1068 1237; baseline 0.004 -24"><span class='ocrx_word' id='word_1_66' title='bbox 90 1147 352 1234; x_wconf 88' lang='grc' dir='ltr'><strong><em>παραγγέλλειν.</em></strong></span> <span class='ocrx_word' id='word_1_67' title='bbox 402 1149 445 1235; x_wconf 81' lang='grc' dir='ltr'><strong><em>τὴ</em></strong></span> <span class='ocrx_word' id='word_1_68' title='bbox 473 1148 510 1215; x_wconf 77' lang='grc' dir='ltr'><strong><em>δὲ</em></strong></span> <span class='ocrx_word' id='word_1_69' title='bbox 538 1147 678 1237; x_wconf 76' lang='grc' dir='ltr'><strong><em>ἐπιούσῃ</em></strong></span> <span class='ocrx_word' id='word_1_70' title='bbox 705 1148 802 1236; x_wconf 88' lang='grc' dir='ltr'><strong><em>μόγις</em></strong></span> <span class='ocrx_word' id='word_1_71' title='bbox 830 1151 1068 1237; x_wconf 79' lang='grc' dir='ltr'><strong><em>ἐκκομισθῆναι</em></strong></span> 
     </span>
     <span class='ocr_line' id='line_1_11' title="bbox 47 1243 1066 1340; baseline 0.007 -28"><span class='ocrx_word' id='word_1_72' title='bbox 47 1272 75 1312; x_wconf 81' lang='grc' dir='ltr'><strong><em>ιο</em></strong></span> <span class='ocrx_word' id='word_1_73' title='bbox 93 1243 187 1333; x_wconf 87' lang='grc' dir='ltr'><strong><em>πρός</em></strong></span> <span class='ocrx_word' id='word_1_74' title='bbox 205 1245 246 1314; x_wconf 89' lang='grc' dir='ltr'><strong><em>τά</em></strong></span> <span class='ocrx_word' id='word_1_75' title='bbox 269 1247 340 1333; x_wconf 82' lang='grc' dir='ltr'><strong><em>ἰερόι</em></strong></span> <span class='ocrx_word' id='word_1_76' title='bbox 355 1248 414 1316; x_wconf 80' lang='grc' dir='ltr'><strong><em>καὶ</em></strong></span> <span class='ocrx_word' id='word_1_77' title='bbox 427 1253 546 1338; x_wconf 84' lang='grc' dir='ltr'><strong><em>θῦσαι,</em></strong></span> <span class='ocrx_word' id='word_1_78' title='bbox 563 1249 621 1316; x_wconf 84' lang='grc' dir='ltr'><strong><em>καὶ</em></strong></span> <span class='ocrx_word' id='word_1_79' title='bbox 635 1249 741 1336; x_wconf 72' lang='grc' dir='ltr'><strong><em>μηδὲν</em></strong></span> <span class='ocrx_word' id='word_1_80' title='bbox 756 1265 853 1336; x_wconf 78' lang='grc' dir='ltr'><strong><em>μεῖον</em></strong></span> <span class='ocrx_word' id='word_1_81' title='bbox 872 1255 920 1318; x_wconf 78' lang='grc' dir='ltr'><strong><em>ἔτι</em></strong></span> <span class='ocrx_word' id='word_1_82' title='bbox 934 1275 1066 1340; x_wconf 90' lang='grc' dir='ltr'><strong><em>παραγ·</em></strong></span> 
     </span>
     <span class='ocr_line' id='line_1_12' title="bbox 91 1345 1101 1440; baseline 0.006 -26"><span class='ocrx_word' id='word_1_83' title='bbox 91 1347 231 1432; x_wconf 87' lang='grc' dir='ltr'><strong><em>γέλλειν</em></strong></span> <span class='ocrx_word' id='word_1_84' title='bbox 256 1345 347 1435; x_wconf 76' lang='grc' dir='ltr'><strong><em>ὑπὲρ</em></strong></span> <span class='ocrx_word' id='word_1_85' title='bbox 373 1353 435 1416; x_wconf 87' lang='grc' dir='ltr'><strong><em>τοό</em></strong></span> <span class='ocrx_word' id='word_1_86' title='bbox 462 1355 551 1418; x_wconf 80' lang='grc' dir='ltr'><strong><em>πλού</em></strong></span> <span class='ocrx_word' id='word_1_87' title='bbox 578 1363 648 1429; x_wconf 77' lang='grc' dir='ltr'><strong><em>τοῖς</em></strong></span> <span class='ocrx_word' id='word_1_88' title='bbox 666 1349 836 1437; x_wconf 90' lang='grc' dir='ltr'><strong><em>ἡγεμόσιν.</em></strong></span> <span class='ocrx_word' id='word_1_89' title='bbox 883 1353 915 1429; x_wconf 86' lang='grc' dir='ltr'><strong><em>ἐς</em></strong></span> <span class='ocrx_word' id='word_1_90' title='bbox 942 1350 980 1420; x_wconf 76' lang='grc' dir='ltr'><strong><em>δὲ</em></strong></span> <span class='ocrx_word' id='word_1_91' title='bbox 1005 1353 1101 1440; x_wconf 79' lang='grc' dir='ltr'><strong><em>τὴνθ</em></strong></span> 
     </span>
     <span class='ocr_line' id='line_1_13' title="bbox 91 1445 1067 1538; baseline 0.005 -23"><span class='ocrx_word' id='word_1_92' title='bbox 91 1445 283 1537; x_wconf 75' lang='grc' dir='ltr'><strong><em>ὑστεραίαν</em></strong></span> <span class='ocrx_word' id='word_1_93' title='bbox 308 1454 419 1528; x_wconf 74' lang='grc' dir='ltr'><strong><em>κακῶς</em></strong></span> <span class='ocrx_word' id='word_1_94' title='bbox 436 1447 502 1537; x_wconf 74' lang='grc' dir='ltr'><strong><em>ἤδη</em></strong></span> <span class='ocrx_word' id='word_1_95' title='bbox 522 1457 640 1536; x_wconf 84' lang='grc' dir='ltr'><strong><em>ἔχοντα</em></strong></span> <span class='ocrx_word' id='word_1_96' title='bbox 657 1449 748 1537; x_wconf 82' lang='grc' dir='ltr'><strong><em>ὅμως</em></strong></span> <span class='ocrx_word' id='word_1_97' title='bbox 765 1455 872 1520; x_wconf 79' lang='grc' dir='ltr'><strong><em>θῦσαι</em></strong></span> <span class='ocrx_word' id='word_1_98' title='bbox 889 1449 929 1519; x_wconf 79' lang='grc' dir='ltr'><strong><em>τό</em></strong></span> <span class='ocrx_word' id='word_1_99' title='bbox 948 1478 1067 1538; x_wconf 90' lang='grc' dir='ltr'><strong><em>τεταγ-</em></strong></span> 
     </span>
     <span class='ocr_line' id='line_1_14' title="bbox 91 1549 1067 1639; baseline 0.005 -23"><span class='ocrx_word' id='word_1_100' title='bbox 91 1549 194 1636; x_wconf 90' lang='grc' dir='ltr'><strong><em>μένα.</em></strong></span> <span class='ocrx_word' id='word_1_101' title='bbox 248 1557 472 1638; x_wconf 77' lang='grc' dir='ltr'><strong><em>παραγγεῖλαι</em></strong></span> <span class='ocrx_word' id='word_1_102' title='bbox 498 1551 535 1619; x_wconf 76' lang='grc' dir='ltr'><strong><em>δὲ</em></strong></span> <span class='ocrx_word' id='word_1_103' title='bbox 557 1551 637 1629; x_wconf 82' lang='grc' dir='ltr'><strong><em>τούς</em></strong></span> <span class='ocrx_word' id='word_1_104' title='bbox 664 1551 728 1638; x_wconf 75' lang='grc' dir='ltr'><strong><em>μέν</em></strong></span> <span class='ocrx_word' id='word_1_105' title='bbox 753 1551 964 1639; x_wconf 82' lang='grc' dir='ltr'><strong><em>,στρατηγούς</em></strong></span> <span class='ocrx_word' id='word_1_106' title='bbox 991 1557 1067 1621; x_wconf 77' lang='grc' dir='ltr'><strong><em>δια·</em></strong></span> 
     </span>
     <span class='ocr_line' id='line_1_15' title="bbox 92 1648 1066 1742; baseline 0.006 -26"><span class='ocrx_word' id='word_1_107' title='bbox 92 1655 230 1737; x_wconf 80' lang='grc' dir='ltr'><strong><em>τρίβειν</em></strong></span> <span class='ocrx_word' id='word_1_108' title='bbox 252 1651 337 1717; x_wconf 79' lang='grc' dir='ltr'><strong><em>κατόν</em></strong></span> <span class='ocrx_word' id='word_1_109' title='bbox 363 1648 427 1738; x_wconf 88' lang='grc' dir='ltr'><strong><em>τὴν</em></strong></span> <span class='ocrx_word' id='word_1_110' title='bbox 454 1649 576 1738; x_wconf 81' lang='grc' dir='ltr'><strong><em>αόλὴν,</em></strong></span> <span class='ocrx_word' id='word_1_111' title='bbox 602 1652 773 1742; x_wconf 82' lang='grc' dir='ltr'><strong><em>χιλιάρχας</em></strong></span> <span class='ocrx_word' id='word_1_112' title='bbox 801 1651 839 1720; x_wconf 73' lang='grc' dir='ltr'><strong><em>δὲ</em></strong></span> <span class='ocrx_word' id='word_1_113' title='bbox 865 1655 922 1720; x_wconf 82' lang='grc' dir='ltr'><strong><em>καὶ</em></strong></span> <span class='ocrx_word' id='word_1_114' title='bbox 943 1677 1066 1722; x_wconf 89' lang='grc' dir='ltr'><strong><em>πεντα-</em></strong></span> 
     </span>
     <span class='ocr_line' id='line_1_16' title="bbox 51 1748 1068 1840; baseline 0.009 -26"><span class='ocrx_word' id='word_1_115' title='bbox 51 1774 79 1816; x_wconf 86' lang='lat'><strong><em>15</em></strong></span> <span class='ocrx_word' id='word_1_116' title='bbox 94 1748 278 1838; x_wconf 87' lang='grc' dir='ltr'><strong><em>κοσιάρχας</em></strong></span> <span class='ocrx_word' id='word_1_117' title='bbox 318 1751 384 1839; x_wconf 87' lang='grc' dir='ltr'><strong><em>πρὸ</em></strong></span> <span class='ocrx_word' id='word_1_118' title='bbox 416 1755 487 1820; x_wconf 82' lang='grc' dir='ltr'><strong><em>τόν</em></strong></span> <span class='ocrx_word' id='word_1_119' title='bbox 517 1757 646 1840; x_wconf 80' lang='grc' dir='ltr'><strong><em>θυρῶν.</em></strong></span> <span class='ocrx_word' id='word_1_120' title='bbox 705 1752 769 1840; x_wconf 80' lang='grc' dir='ltr'><strong><em>ἡόη</em></strong></span> <span class='ocrx_word' id='word_1_121' title='bbox 803 1751 841 1821; x_wconf 74' lang='grc' dir='ltr'><strong><em>δέ</em></strong></span> <span class='ocrx_word' id='word_1_122' title='bbox 876 1753 1068 1823; x_wconf 88' lang='grc' dir='ltr'><strong><em>παντάπασι</em></strong></span> 
     </span>
     <span class='ocr_line' id='line_1_17' title="bbox 95 1853 1067 1942; baseline 0.005 -24"><span class='ocrx_word' id='word_1_123' title='bbox 95 1853 254 1938; x_wconf 77' lang='grc' dir='ltr'><strong><em>πονηρός</em></strong></span> <span class='ocrx_word' id='word_1_124' title='bbox 282 1857 400 1937; x_wconf 86' lang='grc' dir='ltr'><strong><em>έχοντα</em></strong></span> <span class='ocrx_word' id='word_1_125' title='bbox 414 1856 684 1940; x_wconf 72' lang='grc' dir='ltr'><strong><em>’διακομισθῆναι</em></strong></span> <span class='ocrx_word' id='word_1_126' title='bbox 711 1857 746 1922; x_wconf 82' lang='grc' dir='ltr'><strong><em>ἐκ</em></strong></span> <span class='ocrx_word' id='word_1_127' title='bbox 779 1855 839 1920; x_wconf 79' lang='grc' dir='ltr'><strong><em>τοῦ</em></strong></span> <span class='ocrx_word' id='word_1_128' title='bbox 858 1858 1067 1942; x_wconf 82' lang='grc' dir='ltr'><strong><em>παραδείσου</em></strong></span> 
     </span>
     <span class='ocr_line' id='line_1_18' title="bbox 94 1950 1068 2041; baseline 0.002 -21"><span class='ocrx_word' id='word_1_129' title='bbox 94 1959 149 2031; x_wconf 90' lang='grc' dir='ltr'><strong><em>εἰς</em></strong></span> <span class='ocrx_word' id='word_1_130' title='bbox 182 1951 223 2018; x_wconf 84' lang='grc' dir='ltr'><strong><em>τὰ</em></strong></span> <span class='ocrx_word' id='word_1_131' title='bbox 256 1958 418 2040; x_wconf 84' lang='grc' dir='ltr'><strong><em>βασίλεια.</em></strong></span> <span class='ocrx_word' id='word_1_132' title='bbox 472 1953 699 2022; x_wconf 78' lang='grc' dir='ltr'><strong><em>εἰσελθόντων</em></strong></span> <span class='ocrx_word' id='word_1_133' title='bbox 726 1952 764 2020; x_wconf 74' lang='grc' dir='ltr'><strong><em>δέ</em></strong></span> <span class='ocrx_word' id='word_1_134' title='bbox 796 1957 865 2020; x_wconf 81' lang='grc' dir='ltr'><strong><em>τόν</em></strong></span> <span class='ocrx_word' id='word_1_135' title='bbox 890 1950 1068 2041; x_wconf 89' lang='grc' dir='ltr'><strong><em>ἡγεμόνων</em></strong></span> 
     </span>
     <span class='ocr_line' id='line_1_19' title="bbox 94 2048 1125 2142; baseline 0.004 -22"><span class='ocrx_word' id='word_1_136' title='bbox 94 2053 228 2137; x_wconf 76' lang='grc' dir='ltr'><strong><em>γνῶναι</em></strong></span> <span class='ocrx_word' id='word_1_137' title='bbox 258 2051 321 2140; x_wconf 72' lang='grc' dir='ltr'><strong><em>μέν</em></strong></span> <span class='ocrx_word' id='word_1_138' title='bbox 348 2048 493 2142; x_wconf 78' lang='grc' dir='ltr'><strong><em>αότοός,</em></strong></span> <span class='ocrx_word' id='word_1_139' title='bbox 527 2055 682 2140; x_wconf 77' lang='grc' dir='ltr'><strong><em>φωνῆσαι</em></strong></span> <span class='ocrx_word' id='word_1_140' title='bbox 708 2053 746 2122; x_wconf 70' lang='grc' dir='ltr'><strong><em>θλ</em></strong></span> <span class='ocrx_word' id='word_1_141' title='bbox 771 2052 878 2141; x_wconf 71' lang='grc' dir='ltr'><strong><em>μηδὲν</em></strong></span> <span class='ocrx_word' id='word_1_142' title='bbox 905 2059 962 2142; x_wconf 82' lang='grc' dir='ltr'><strong><em>ἔτι,</em></strong></span> <span class='ocrx_word' id='word_1_143' title='bbox 990 2053 1066 2122; x_wconf 80' lang='grc' dir='ltr'><strong><em>ἀλλ’</em></strong></span> <span class='ocrx_word' id='word_1_144' title='bbox 1123 2121 1125 2124; x_wconf 86' lang='grc'><strong><em>.</em></strong></span> 
     </span>
     <span class='ocr_line' id='line_1_20' title="bbox 96 2148 1068 2242; baseline 0.002 -22"><span class='ocrx_word' id='word_1_145' title='bbox 96 2151 186 2221; x_wconf 88' lang='grc' dir='ltr'><strong><em>εἰναι</em></strong></span> <span class='ocrx_word' id='word_1_146' title='bbox 222 2148 391 2222; x_wconf 81' lang='grc' dir='ltr'><strong><em>άναυθον·</em></strong></span> <span class='ocrx_word' id='word_1_147' title='bbox 425 2155 483 2222; x_wconf 83' lang='grc' dir='ltr'><strong><em>καὶ</em></strong></span> <span class='ocrx_word' id='word_1_148' title='bbox 515 2153 578 2241; x_wconf 92' lang='grc' dir='ltr'><strong><em>τὴν</em></strong></span> <span class='ocrx_word' id='word_1_149' title='bbox 610 2153 717 2222; x_wconf 83' lang='grc' dir='ltr'><strong><em>νύκτα</em></strong></span> <span class='ocrx_word' id='word_1_150' title='bbox 749 2155 931 2242; x_wconf 82' lang='grc' dir='ltr'><strong><em>πυρέσσειν</em></strong></span> <span class='ocrx_word' id='word_1_151' title='bbox 958 2161 1068 2234; x_wconf 73' lang='grc' dir='ltr'><strong><em>κακῶς</em></strong></span> 
     </span>
     <span class='ocr_line' id='line_1_21' title="bbox 36 2244 1068 2344; baseline 0.005 -25"><span class='ocrx_word' id='word_1_152' title='bbox 36 2244 156 2321; x_wconf 65' lang='grc' dir='ltr'><strong><em>ἐοκαί</em></strong></span> <span class='ocrx_word' id='word_1_153' title='bbox 190 2251 252 2340; x_wconf 89' lang='grc' dir='ltr'><strong><em>τὴν</em></strong></span> <span class='ocrx_word' id='word_1_154' title='bbox 283 2253 425 2344; x_wconf 87' lang='grc' dir='ltr'><strong><em>ἡμέραν,</em></strong></span> <span class='ocrx_word' id='word_1_155' title='bbox 457 2255 515 2323; x_wconf 85' lang='grc' dir='ltr'><strong><em>καὶ</em></strong></span> <span class='ocrx_word' id='word_1_156' title='bbox 547 2255 611 2344; x_wconf 90' lang='grc' dir='ltr'><strong><em>τὴν</em></strong></span> <span class='ocrx_word' id='word_1_157' title='bbox 645 2251 752 2342; x_wconf 84' lang='grc' dir='ltr'><strong><em>όίλλην</em></strong></span> <span class='ocrx_word' id='word_1_158' title='bbox 788 2253 896 2322; x_wconf 83' lang='grc' dir='ltr'><strong><em>νύκτα</em></strong></span> <span class='ocrx_word' id='word_1_159' title='bbox 923 2255 980 2324; x_wconf 89' lang='grc' dir='ltr'><strong><em>καί</em></strong></span> <span class='ocrx_word' id='word_1_160' title='bbox 1006 2257 1068 2344; x_wconf 88' lang='grc' dir='ltr'><strong><em>τὴν</em></strong></span> 
     </span>
     <span class='ocr_line' id='line_1_22' title="bbox 96 2352 1056 2442; baseline 0.009 -21"><span class='ocrx_word' id='word_1_161' title='bbox 96 2352 238 2442; x_wconf 86' lang='grc' dir='ltr'><strong><em>ἡμέραν.</em></strong></span> <span class='ocrx_word' id='word_1_162' title='bbox 871 2401 873 2405; x_wconf 92' lang='grc'>-</span> <span class='ocrx_word' id='word_1_163' title='bbox 1053 2421 1056 2430; x_wconf 94' lang='grc'><strong><em>.</em></strong></span> 
     </span>
    </p>

    <p class='ocr_par' dir='ltr' id='par_1_3' title="bbox 98 2453 1118 2743">
     <span class='ocr_line' id='line_1_23' title="bbox 123 2453 1118 2546; baseline 0.001 -25"><span class='ocrx_word' id='word_1_164' title='bbox 123 2521 127 2528; x_wconf 83' lang='grc'>,</span> <span class='ocrx_word' id='word_1_165' title='bbox 179 2453 296 2533; x_wconf 80' lang='grc' dir='ltr'><strong><em>Οὕτως</em></strong></span> <span class='ocrx_word' id='word_1_166' title='bbox 325 2457 362 2524; x_wconf 91' lang='grc' dir='ltr'><strong><em>ἐν</em></strong></span> <span class='ocrx_word' id='word_1_167' title='bbox 387 2471 462 2536; x_wconf 77' lang='grc' dir='ltr'><strong><em>ταῖς</em></strong></span> <span class='ocrx_word' id='word_1_168' title='bbox 489 2459 666 2546; x_wconf 81' lang='grc' dir='ltr'><strong><em>ἐφημερίσι</em></strong></span> <span class='ocrx_word' id='word_1_169' title='bbox 682 2471 756 2536; x_wconf 75' lang='grc' dir='ltr'><strong><em>ταῖς</em></strong></span> <span class='ocrx_word' id='word_1_170' title='bbox 773 2463 953 2545; x_wconf 81' lang='grc' dir='ltr'><strong><em>βασιλείοις</em></strong></span> <span class='ocrx_word' id='word_1_171' title='bbox 971 2455 1066 2527; x_wconf 85' lang='grc' dir='ltr'><strong><em>α’να-</em></strong></span> <span class='ocrx_word' id='word_1_172' title='bbox 1077 2458 1118 2523; x_wconf 83' lang='grc'><strong><em>26</em></strong></span> 
     </span>
     <span class='ocr_line' id='line_1_24' title="bbox 98 2554 1067 2645; baseline 0.005 -25"><span class='ocrx_word' id='word_1_173' title='bbox 98 2554 293 2642; x_wconf 83' lang='grc' dir='ltr'><strong><em>γέγραπται,</em></strong></span> <span class='ocrx_word' id='word_1_174' title='bbox 319 2557 377 2622; x_wconf 85' lang='grc' dir='ltr'><strong><em>καί</em></strong></span> <span class='ocrx_word' id='word_1_175' title='bbox 405 2556 461 2624; x_wconf 82' lang='grc' dir='ltr'><strong><em>ἐπὶ</em></strong></span> <span class='ocrx_word' id='word_1_176' title='bbox 486 2557 617 2634; x_wconf 88' lang='grc' dir='ltr'><strong><em>τούτοις</em></strong></span> <span class='ocrx_word' id='word_1_177' title='bbox 645 2554 694 2624; x_wconf 86' lang='grc' dir='ltr'><strong><em>ότι</em></strong></span> <span class='ocrx_word' id='word_1_178' title='bbox 720 2562 755 2625; x_wconf 87' lang='grc' dir='ltr'><strong><em>οἰ</em></strong></span> <span class='ocrx_word' id='word_1_179' title='bbox 770 2562 968 2645; x_wconf 75' lang='grc' dir='ltr'><strong><em>στρατιῶται</em></strong></span> <span class='ocrx_word' id='word_1_180' title='bbox 986 2559 1067 2626; x_wconf 81' lang='grc' dir='ltr'><strong><em>έπό·</em></strong></span> 
     </span>
     <span class='ocr_line' id='line_1_25' title="bbox 98 2653 1066 2743; baseline 0.006 -23"><span class='ocrx_word' id='word_1_181' title='bbox 98 2663 211 2739; x_wconf 85' lang='grc' dir='ltr'><strong><em>θησαν</em></strong></span> <span class='ocrx_word' id='word_1_182' title='bbox 246 2657 333 2722; x_wconf 76' lang='grc' dir='ltr'><strong><em>ἰδεῖν</em></strong></span> <span class='ocrx_word' id='word_1_183' title='bbox 360 2653 479 2741; x_wconf 81' lang='grc' dir='ltr'><strong><em>αὐτόν,</em></strong></span> <span class='ocrx_word' id='word_1_184' title='bbox 508 2661 543 2723; x_wconf 88' lang='grc' dir='ltr'><strong><em>οί</em></strong></span> <span class='ocrx_word' id='word_1_185' title='bbox 566 2657 641 2743; x_wconf 84' lang='grc' dir='ltr'><strong><em>μέν,</em></strong></span> <span class='ocrx_word' id='word_1_186' title='bbox 669 2655 714 2735; x_wconf 77' lang='grc' dir='ltr'><strong><em>εἰς</em></strong></span> <span class='ocrx_word' id='word_1_187' title='bbox 739 2660 846 2738; x_wconf 76' lang='grc' dir='ltr'><strong><em>ζῶντα</em></strong></span> <span class='ocrx_word' id='word_1_188' title='bbox 873 2663 920 2724; x_wconf 80' lang='grc' dir='ltr'><strong><em>ἔτι</em></strong></span> <span class='ocrx_word' id='word_1_189' title='bbox 947 2661 1066 2726; x_wconf 73' lang='grc' dir='ltr'><strong><em>ἴδοιεν·</em></strong></span> 
     </span>
    </p>

    <p class='ocr_par' dir='ltr' id='par_1_4' title="bbox 56 2751 1097 3546">
     <span class='ocr_line' id='line_1_26' title="bbox 56 2751 1069 2844; baseline 0.007 -24"><span class='ocrx_word' id='word_1_190' title='bbox 56 2778 85 2820; x_wconf 78' lang='grc' dir='ltr'><strong><em>τε</em></strong></span> <span class='ocrx_word' id='word_1_191' title='bbox 100 2758 135 2820; x_wconf 88' lang='grc' dir='ltr'><strong><em>οἰ</em></strong></span> <span class='ocrx_word' id='word_1_192' title='bbox 146 2759 166 2822; x_wconf 81' lang='grc' dir='ltr'><em>δ</em></span> <span class='ocrx_word' id='word_1_193' title='bbox 169 2753 196 2840; x_wconf 83' lang='grc' dir='ltr'><strong><em>ε’,</em></strong></span> <span class='ocrx_word' id='word_1_194' title='bbox 211 2751 260 2822; x_wconf 84' lang='grc' dir='ltr'><strong><em>ότι</em></strong></span> <span class='ocrx_word' id='word_1_195' title='bbox 273 2756 472 2842; x_wconf 86' lang='grc' dir='ltr'><strong><em>τεθνηκέναι</em></strong></span> <span class='ocrx_word' id='word_1_196' title='bbox 484 2753 548 2842; x_wconf 76' lang='grc' dir='ltr'><strong><em>ἤδη</em></strong></span> <span class='ocrx_word' id='word_1_197' title='bbox 564 2755 791 2843; x_wconf 81' lang='grc' dir='ltr'><strong><em>ἐξηγγέλλετο,</em></strong></span> <span class='ocrx_word' id='word_1_198' title='bbox 806 2756 1069 2844; x_wconf 87' lang='grc' dir='ltr'><strong><em>ἐπικρύπτεσθαι</em></strong></span> 
     </span>
     <span class='ocr_line' id='line_1_27' title="bbox 69 2853 1067 2944; baseline 0.006 -22"><span class='ocrx_word' id='word_1_199' title='bbox 69 2855 73 2866; x_wconf 92' lang='grc'><strong>’</strong></span> <span class='ocrx_word' id='word_1_200' title='bbox 100 2853 138 2922; x_wconf 73' lang='grc' dir='ltr'><strong><em>δὲ</em></strong></span> <span class='ocrx_word' id='word_1_201' title='bbox 164 2853 272 2924; x_wconf 80' lang='grc' dir='ltr'><strong><em>αὐτοῦ</em></strong></span> <span class='ocrx_word' id='word_1_202' title='bbox 300 2853 459 2938; x_wconf 81' lang='grc' dir='ltr'><strong><em>ἐτόπαζον</em></strong></span> <span class='ocrx_word' id='word_1_203' title='bbox 486 2854 571 2944; x_wconf 85' lang='grc' dir='ltr'><strong><em>πρός</em></strong></span> <span class='ocrx_word' id='word_1_204' title='bbox 597 2860 667 2922; x_wconf 80' lang='grc' dir='ltr'><strong><em>τῶν</em></strong></span> <span class='ocrx_word' id='word_1_205' title='bbox 689 2855 988 2944; x_wconf 88' lang='grc' dir='ltr'><strong><em>σωματοφυλάκων</em></strong></span> <span class='ocrx_word' id='word_1_206' title='bbox 1006 2859 1067 2928; x_wconf 87' lang='grc' dir='ltr'><strong><em>τόν</em></strong></span> 
     </span>
     <span class='ocr_line' id='line_1_28' title="bbox 99 2952 1066 3042; baseline 0.002 -18"><span class='ocrx_word' id='word_1_207' title='bbox 99 2952 264 3042; x_wconf 85' lang='grc' dir='ltr'><strong><em>θάνατον,</em></strong></span> <span class='ocrx_word' id='word_1_208' title='bbox 293 2953 338 3036; x_wconf 75' lang='grc' dir='ltr'><strong><em>ὥς</em></strong></span> <span class='ocrx_word' id='word_1_209' title='bbox 366 2962 470 3042; x_wconf 82' lang='grc' dir='ltr'><strong><em>ἔγωγε</em></strong></span> <span class='ocrx_word' id='word_1_210' title='bbox 503 2959 610 3024; x_wconf 75' lang='grc' dir='ltr'><strong><em>δοκῶ·</em></strong></span> <span class='ocrx_word' id='word_1_211' title='bbox 650 2955 730 3035; x_wconf 83' lang='grc' dir='ltr'><strong><em>τούς</em></strong></span> <span class='ocrx_word' id='word_1_212' title='bbox 758 2955 907 3036; x_wconf 80' lang='grc' dir='ltr'><strong><em>πολλούς</em></strong></span> <span class='ocrx_word' id='word_1_213' title='bbox 933 2957 972 3026; x_wconf 76' lang='grc' dir='ltr'><strong><em>δὲ</em></strong></span> <span class='ocrx_word' id='word_1_214' title='bbox 997 2957 1066 3026; x_wconf 85' lang='grc' dir='ltr'><strong><em>όπό</em></strong></span> 
     </span>
     <span class='ocr_line' id='line_1_29' title="bbox 100 3055 1066 3146; baseline 0.004 -22"><span class='ocrx_word' id='word_1_215' title='bbox 100 3057 250 3135; x_wconf 86' lang='grc' dir='ltr'><strong><em>πένθους</em></strong></span> <span class='ocrx_word' id='word_1_216' title='bbox 276 3058 333 3124; x_wconf 81' lang='grc' dir='ltr'><strong><em>καὶ</em></strong></span> <span class='ocrx_word' id='word_1_217' title='bbox 360 3055 473 3125; x_wconf 89' lang='grc' dir='ltr'><strong><em>πόθου</em></strong></span> <span class='ocrx_word' id='word_1_218' title='bbox 500 3061 563 3124; x_wconf 80' lang='grc' dir='ltr'><strong><em>τοῦ</em></strong></span> <span class='ocrx_word' id='word_1_219' title='bbox 588 3057 752 3144; x_wconf 87' lang='grc' dir='ltr'><strong><em>βασιλέως</em></strong></span> <span class='ocrx_word' id='word_1_220' title='bbox 779 3058 961 3146; x_wconf 80' lang='grc' dir='ltr'><strong><em>βιάσασθαι</em></strong></span> <span class='ocrx_word' id='word_1_221' title='bbox 980 3064 1066 3128; x_wconf 77' lang='grc' dir='ltr'><strong><em>ἰδεῖν</em></strong></span> 
     </span>
     <span class='ocr_line' id='line_1_30' title="bbox 96 3153 1066 3254; baseline 0.003 -28"><span class='ocrx_word' id='word_1_222' title='bbox 96 3155 326 3244; x_wconf 77' lang='grc' dir='ltr'><strong><em>Ἀλέξανδρον.</em></strong></span> <span class='ocrx_word' id='word_1_223' title='bbox 351 3157 411 3225; x_wconf 88' lang='grc' dir='ltr'><strong><em>τόν</em></strong></span> <span class='ocrx_word' id='word_1_224' title='bbox 425 3155 463 3225; x_wconf 72' lang='grc' dir='ltr'><strong><em>δὲ</em></strong></span> <span class='ocrx_word' id='word_1_225' title='bbox 477 3153 617 3254; x_wconf 72' lang='grc' dir='ltr'><strong><em>ἄφωνον</em></strong></span> <span class='ocrx_word' id='word_1_226' title='bbox 630 3157 692 3246; x_wconf 71' lang='grc' dir='ltr'><strong><em>μέν</em></strong></span> <span class='ocrx_word' id='word_1_227' title='bbox 706 3156 792 3227; x_wconf 90' lang='grc' dir='ltr'><strong><em>εἰναι</em></strong></span> <span class='ocrx_word' id='word_1_228' title='bbox 806 3159 941 3244; x_wconf 89' lang='grc' dir='ltr'><strong><em>λέγουσι</em></strong></span> <span class='ocrx_word' id='word_1_229' title='bbox 954 3185 1066 3248; x_wconf 86' lang='grc' dir='ltr'><strong><em>παρα-</em></strong></span> 
     </span>
     <span class='ocr_line' id='line_1_31' title="bbox 62 3257 1065 3356; baseline 0.005 -32"><span class='ocrx_word' id='word_1_230' title='bbox 62 3283 87 3324; x_wconf 83' lang='grc' dir='ltr'><strong><em>εο</em></strong></span> <span class='ocrx_word' id='word_1_231' title='bbox 101 3257 328 3346; x_wconf 88' lang='grc' dir='ltr'><strong><em>πορευομένης</em></strong></span> <span class='ocrx_word' id='word_1_232' title='bbox 336 3260 396 3344; x_wconf 77' lang='grc' dir='ltr'><strong><em>τῆς</em></strong></span> <span class='ocrx_word' id='word_1_233' title='bbox 406 3263 575 3347; x_wconf 83' lang='grc' dir='ltr'><strong><em>στρατιᾶς·</em></strong></span> <span class='ocrx_word' id='word_1_234' title='bbox 597 3260 791 3356; x_wconf 77' lang='grc' dir='ltr'><strong><em>δεξιοῦσθαι</em></strong></span> <span class='ocrx_word' id='word_1_235' title='bbox 801 3259 838 3328; x_wconf 77' lang='grc' dir='ltr'><strong><em>δέ</em></strong></span> <span class='ocrx_word' id='word_1_236' title='bbox 849 3257 894 3338; x_wconf 79' lang='grc' dir='ltr'><strong><em>τός</em></strong></span> <span class='ocrx_word' id='word_1_237' title='bbox 906 3259 1065 3341; x_wconf 82' lang='grc' dir='ltr'><strong><em>ἑκάστους</em></strong></span> 
     </span>
     <span class='ocr_line' id='line_1_32' title="bbox 100 3355 1065 3448; baseline 0.004 -23"><span class='ocrx_word' id='word_1_238' title='bbox 100 3357 159 3443; x_wconf 90' lang='grc' dir='ltr'><strong><em>τὴν</em></strong></span> <span class='ocrx_word' id='word_1_239' title='bbox 172 3385 208 3426; x_wconf 93' lang='grc' dir='ltr'><strong><em>τε</em></strong></span> <span class='ocrx_word' id='word_1_240' title='bbox 225 3357 377 3445; x_wconf 90' lang='grc' dir='ltr'><strong><em>κεφαλὴν</em></strong></span> <span class='ocrx_word' id='word_1_241' title='bbox 397 3360 581 3448; x_wconf 77' lang='grc' dir='ltr'><strong><em>ἐπαίροντα</em></strong></span> <span class='ocrx_word' id='word_1_242' title='bbox 598 3359 696 3448; x_wconf 89' lang='grc' dir='ltr'><strong><em>μόγις</em></strong></span> <span class='ocrx_word' id='word_1_243' title='bbox 710 3361 766 3428; x_wconf 81' lang='grc' dir='ltr'><strong><em>καὶ</em></strong></span> <span class='ocrx_word' id='word_1_244' title='bbox 779 3375 853 3429; x_wconf 78' lang='grc' dir='ltr'><strong><em>τοῖν</em></strong></span> <span class='ocrx_word' id='word_1_245' title='bbox 868 3355 1065 3448; x_wconf 79' lang='grc' dir='ltr'><strong><em>ὀφθαλμοῖν</em></strong></span> 
     </span>
     <span class='ocr_line' id='line_1_33' title="bbox 102 3459 1097 3546; baseline 0.004 -21"><span class='ocrx_word' id='word_1_246' title='bbox 102 3459 367 3546; x_wconf 87' lang='grc' dir='ltr'><strong><em>ἐπισημαίνοντα.</em></strong></span> <span class='ocrx_word' id='word_1_247' title='bbox 395 3460 533 3546; x_wconf 87' lang='grc' dir='ltr'><strong><em>λέγουσι</em></strong></span> <span class='ocrx_word' id='word_1_248' title='bbox 546 3459 584 3529; x_wconf 77' lang='grc' dir='ltr'><strong><em>δέ</em></strong></span> <span class='ocrx_word' id='word_1_249' title='bbox 594 3465 633 3529; x_wconf 88' lang='grc' dir='ltr'><strong><em>αἰ</em></strong></span> <span class='ocrx_word' id='word_1_250' title='bbox 645 3464 843 3546; x_wconf 69' lang='grc' dir='ltr'><strong><em>ἐφημερίδες</em></strong></span> <span class='ocrx_word' id='word_1_251' title='bbox 855 3465 893 3531; x_wconf 88' lang='grc' dir='ltr'><strong><em>αί</em></strong></span> <span class='ocrx_word' id='word_1_252' title='bbox 904 3468 1063 3535; x_wconf 76' lang='grc' dir='ltr'><strong><em>βασίλειοι</em></strong></span> <span class='ocrx_word' id='word_1_253' title='bbox 1081 3481 1097 3529; x_wconf 75' lang='grc' dir='ltr'><strong><em>ε</em></strong></span> 
     </span>
    </p>
   </div>
   <div class='ocr_carea' id='block_1_3' title="bbox 0 0 1278 3920">
    <p class='ocr_par' dir='ltr' id='par_1_5' title="bbox 0 0 1278 3920">
     <span class='ocr_line' id='line_1_34' title="bbox 0 0 1278 3920; baseline 0 1"><span class='ocrx_word' id='word_1_254' title='bbox 0 0 1278 3920; x_wconf 95' lang='lat' dir='ltr'><strong><em> </em></strong></span> 
     </span>
    </p>
   </div>
  </div>
 </body>
</html>
