2620 3924
467 146 653 198 ΔΝΔΒΑΣΙΣ
671 149 700 210 3,
718 147 759 201 28.
1033 143 1096 208 143

130 287 294 373 πρόβατα,
328 282 458 352 ἀυνατά
495 286 657 368 γενέσθαι
692 289 771 350 είσω
804 287 1008 370 παρελθεῖν,
1045 282 1097 350 ότι

131 392 261 454 πολλοῦ
284 385 379 465 ἀξιον
400 389 609 470 Κυρηναίοις
629 383 668 450 τό
690 388 839 468 σίλφιον.

215 489 348 573 Βῆσσος
369 486 422 569 δέ,
446 489 533 570 ἔχων
555 481 642 571 ἀμφ’
666 482 772 552 αὐτὸν
792 490 939 572 Περσων
960 509 997 552 τε
1018 483 1131 562 τούςΒ

130 589 355 674 μετασχόντας
369 585 461 674 αύτῷ
472 589 530 671 τῆς
541 589 690 671 Δαρείου
702 585 900 671 συλλήψεως
914 583 969 652 καλ
984 585 1098 652 αύτάν

104 717 118 758 ε
131 693 308 776 Βακτρίων
324 688 358 766 ἐς
373 687 642 771 ἑπτακισχιλίους
662 688 718 752 καλ
733 688 829 765 Δάας
843 685 923 764 τούς
941 687 996 754 ἐπὶ
1016 688 1099 752 τόδε

131 798 192 858 τοῦ
226 791 391 868 Τανάιδος
419 792 572 876 ποταμοῦ
600 787 836 872 ἐποικοῦντας,
867 791 1007 874 ἔφθειρε
1037 785 1099 871 τήν

131 891 200 960 ἀπὸ
219 898 264 978 τῷ
280 891 353 977 ὄρει
373 894 419 976 τῷ
434 891 623 977 Καυκάσῳ,
647 888 693 967 ἀς
714 892 835 976 ἐρημίᾳ
855 911 891 956 τε
912 895 970 973 τῆς
990 888 1100 973 χεόρας

131 999 191 1078 τῆς
217 996 255 1061 ἐν
280 995 369 1080 με’σφ
390 989 498 1058 αὑτοῦ
522 1015 558 1058 τε
579 991 636 1057 καὶ
655 989 878 1076 Ἀλεξάνδρου
899 991 956 1056 καλ
976 990 1100 1077 ἀπορίᾳ

132 1100 202 1160 τῶν
224 1091 422 1178 ἐπιτηδείων
442 1090 611 1177 ἀπείρξων
624 1091 843 1178 Ἀλέξανδρον
856 1097 918 1158 τοῦ
937 1090 981 1177 μὴ
998 1091 1099 1158 ἐλαύ-

94 1218 121 1260 ιο
135 1219 210 1260 νειν
225 1193 349 1279 πρόσω.
378 1191 448 1258 ἀλλ’
462 1191 678 1276 Ἀλέξανδρος
698 1190 849 1277 ἤλαυνεν
868 1191 971 1258 οὐδὲν
992 1179 1098 1278 μεῖον,
1117 1203 1134 1254 9

134 1298 288 1381 χαλεποῖς
314 1293 378 1379 μὲν
400 1294 457 1359 διαί
479 1318 515 1359 τε
537 1294 649 1378 χιόνος
670 1294 797 1378 πολλῆς
818 1294 874 1359 καλ
898 1295 1012 1380 ἐνδείᾳ
1032 1299 1101 1359 τῶν

134 1393 347 1479 ἀναγκαίων,
364 1392 420 1481 ᾔει
439 1394 477 1461 δὲ
498 1393 595 1480 ὅμως.
618 1399 751 1478 Βῆσσος
772 1395 825 1478 δέ,
849 1395 923 1461 ἐπεὶ
946 1393 1101 1480 ἐξηγγέλ-

135 1501 211 1562 λετο
234 1493 326 1582 αύτῷ
347 1495 389 1561 ού
416 1494 533 1580 πόρρω
559 1494 624 1580 ἤδη
653 1490 703 1562 όν
721 1494 954 1580 Ἀλέξανδρος,
982 1497 1102 1580 διαβάς

134 1593 197 1663 τόν
218 1586 319 1675 Ὦξον
352 1593 505 1681 ποταμόν
540 1594 581 1662 τά
614 1597 678 1682 μὲν
708 1600 810 1664 πλοῖα
840 1594 896 1681 ἐφ’
925 1587 975 1662 ἀν
1007 1597 1101 1681 διέβη

97 1719 123 1762 ιε
136 1698 361 1782 κατέκαυσεν,
390 1695 492 1774 αύτός
513 1697 551 1762 δὲ
574 1699 621 1774 είς
641 1699 809 1763 Ναύτακα
829 1700 889 1781 τῆς
911 1698 1103 1781 Σογδιανῆς

135 1799 247 1884 χύρας
267 1798 446 1882 ἀπεχύρει.
469 1798 605 1864 εἵποντο
623 1798 661 1864 δὲ
683 1796 774 1885 αύτῷ
797 1797 833 1863 οἵ
850 1819 887 1862 τε
908 1796 995 1882 ἀμφὶ
1011 1803 1102 1864 Σπι-
1120 1805 1153 1857 10

135 1900 283 1985 ταμέυην
306 1900 363 1964 καί
382 1897 581 1984 Ὀξυάρτην,
611 1901 743 1982 ἔχοντες
769 1897 849 1975 τούς
872 1899 910 1966 ἐκ
931 1902 990 1982 τῆς
1012 1897 1102 1982 Σογ-

136 2003 257 2086 διανῆς
280 2001 417 2082 ίππάας,
440 2001 497 2064 καλ
518 1999 609 2065 Δάιιι
631 2000 667 2065 οί
684 1998 751 2065 ἀπό
772 2003 834 2064 τοῦ
861 1995 1035 2077 Τανάιδος.
1071 2000 1107 2065 οί

137 2101 175 2168 δὲ
198 2105 266 2167 τάν
281 2103 460 2186 Βακτρίων
476 2102 588 2179 ἱππεῖς
609 2099 656 2179 ἀς
677 2099 820 2186 φεύγειν
835 2098 1006 2185 ἐγνωκότα
1022 2103 1101 2184 ἐμα-

97 2223 123 2266 ιι
136 2209 205 2268 θον
216 2207 365 2287 Βῆσσον,
385 2200 488 2279 ἀλλος
502 2201 588 2288 ἀλλη
605 2203 661 2269 ἐπὶ
675 2200 717 2268 τά
733 2205 832 2287 σφόν
846 2201 981 2268 ἕκαστοι
996 2199 1104 2286 ἀπηλ-

137 2303 301 2388 λάγησαν.

219 2402 434 2489 Ἀλέξανδρος
469 2405 508 2470 δέ
541 2404 577 2482 ἐς
609 2405 780 2489 Δράφακα
809 2403 1016 2490 ἀφικόμενος
1048 2399 1103 2468 καὶ
1111 2404 1155 2471 29

137 2503 339 2583 ἀναπαύσας
371 2507 434 2591 τὴν
466 2503 629 2592 στρατιάν
662 2509 697 2584 ἐς
717 2505 866 2592 ’Ἀορνόν
891 2530 928 2573 τε
960 2498 1022 2590 ἦγε
1047 2507 1104 2570 καλ

138 2607 290 2692 Βάκτρα,
313 2609 352 2671 αλ
368 2604 409 2690 δή
425 2607 581 2692 μέγισταί
594 2608 659 2673 είσι
680 2607 794 2684 πόλεις
817 2608 856 2674 ἐν
870 2612 911 2692 τῇ
926 2608 1104 2691 Βακτρίων

97 2727 124 2770 ει
137 2707 241 2793 χύρηι.
264 2709 320 2772 καί
336 2710 460 2785 ταύτας
481 2731 518 2774 τε
540 2709 575 2786 ἐξ
599 2709 729 2792 ἐφόδου
743 2711 843 2792 ἔλαβε
864 2709 922 2773 καί
943 2708 1125 2792 φυλακην.

109 2888 113 2896 „
139 2809 179 2872 ἐν
205 2811 246 2892 τῇ
274 2807 365 2895 ἀκρρι
392 2811 451 2894 τῇς
474 2807 615 2892 Ἀόρνου
643 2807 785 2874 ἀπόλιπε
814 2808 871 2872 καὶ
900 2807 956 2873 ἐπὶ
982 2806 1125 2890 ταύτης*

134 2907 312 2991 Ἀρχέλαον
344 2907 405 2975 τόν
434 2907 639 2993 Ἀνδρόκλου
666 2913 738 2996 τόν
765 2908 921 2992 ἑταίρων·
959 2917 1030 2986 τοῖς
1059 2906 1104 2973 δὲ’

137 3005 461 3101 ἀλλοιςΒακτρίοις,
483 3009 526 3076 ού
547 3013 699 3094 χαλεποῖς
712 3008 1007 3096 προσχωρήσασιν,
1027 3008 1104 3074 ἐπέ-

138 3109 215 3186 ταξε
237 3110 413 3194 σατράπην
433 3107 633 3194 Ἀρτάβαζον
654 3108 715 3176 τόν
737 3111 886 3194 Πέρσην.

101 3227 128 3270 εο
224 3207 337 3287 Αάτὸς
359 3209 397 3276 δὲ
425 3201 510 3294 ἦγεν
532 3206 577 3287 ἀς
600 3211 655 3277 ε’πλ
682 3208 743 3277 τόν
760 3203 861 3289 Ὦξον
889 3208 1048 3294 ποταμόν.
1086 3205 1138 3274 όν

139 3306 178 3374 δὲ
200 3297 296 3388 Ὦξος
325 3308 393 3394 ρέει
423 3310 486 3394 μὲν
517 3310 556 3374 ἐκ
585 3314 646 3374 τοῦ
674 3299 779 3396 όρους
811 3314 874 3376 τοῦ
907 3309 1104 3391 Καυκάσου,

139 3409 210 3474 ἐστι
232 3409 270 3475 δὲ
292 3414 454 3495 ποταμοῖν
474 3411 628 3495 μέγιστος
649 3415 718 3476 τῶν
741 3412 780 3478 ἐν
807 3415 848 3497 τῇ
868 3408 977 3496 Ἀσία,
1003 3408 1105 3485 ὅσους
