2620 3924
192 109 254 174 104
453 84 456 90 ’
544 107 797 170 εεεεεαεεου

132 312 136 321 ,
191 254 248 321 καὶ
267 251 416 330 άκούσας
441 248 502 320 ὅσα
522 249 615 342 αύτῷ
635 251 720 339 πρὸς
736 256 853 339 θυμοῦ
873 245 934 342 ἦν,
962 251 1007 334 σός
1027 261 1154 342 ἔλεγεν,
1223 337 1228 346 .

190 352 364 436 ἀνέζευξεν
380 351 427 422 ἐπ’
443 353 638 439 Αἰγύπτου,
653 351 698 432 σός
708 352 771 439 μέν
781 351 1037 443 Ἀριστόβουλος
1051 357 1152 442 λέγει,

149 499 152 506 ,
191 453 253 542 τὴν
271 453 379 540 αὐτὴν
397 451 506 523 ὀπίσω
523 451 618 540 ὁδόν,
637 452 682 532 άς
700 453 738 522 δὲ
753 463 962 542 Πτολεμαῖος
979 455 998 524 δ
1018 456 1151 544 Λάγου,

192 554 299 642 άλλην
317 553 458 624 εύθείαυ
476 552 522 634 ιός
542 557 596 623 έπί
615 557 765 641 Μέμφιν.

160 665 183 732 5
269 664 332 735 Εἰς
349 657 488 743 Μέμφιν
500 654 539 724 δὲ
557 653 651 746 αύτῷ
666 663 844 743 πρεσβεῖαί
853 682 889 724 τε
903 659 1025 724 πολλαὶ
1042 661 1078 726 ἐκ
1092 661 1181 742 τῆςῡ
1294 693 1295 738 η

188 747 388 836 Ἑλλάδος
368 783 464 844 ηκον,
482 758 539 846 καί
558 755 622 824 ούκ
637 753 758 824 ἔστιν”
740 781 855 824 οντινα
872 756 1088 845 ἀτυχήσαντα
1102 785 1151 824 ων
1294 749 1295 768 ³

194 861 300 926 ἐδεῖτο
314 855 510 944 ἀπέπεμψε,
518 859 575 925 καὶ
590 857 726 945 στρατιά
743 863 963 955 παραγίνεται
980 856 1070 946 παρά
1089 858 1152 944 μὲν

189 946 409 1045 Ἀντιπάτρου
436 957 639 1084 μισθοφόροι
653 945 869 1044 “Ελλληυες’
852 985 885 1036 ες
902 967 1152 1047 τετρακοσίους,

193 1049 241 1127 ὧν
264 1057 377 1145 ἡγεῖτο
401 1058 600 1136 Μενίδας*
583 1085 601 1126 ο
623 1057 875 1180 Ηγησάνδρου,
901 1062 937 1128 έκ
962 1059 1096 1148 Θράκης
1115 1058 1152 1127 δὲ

195 1165 307 1238 ἰππεῑς
327 1161 360 1238 ἐς
379 1149 676 1244 πεντακοσίους,
650 1185 699 1226 ων
711 1150 1150 1248 ἦρχεν”Ἇσκληπιόδωρος“
1132 1185 1150 1226 ο
1166 1177 1193 1218 1⁰
1294 1217 1295 1248 3

156 1258 357 1330 2E23vcuov.
400 1262 551 1328 ἐνταῦθα
578 1260 657 1328 θύει
681 1263 731 1348 τῷ
766 1265 827 1329 ΔίιΙ
854 1262 901 1350 τῷ
933 1267 1065 1347 βασιλεῖ
1094 1261 1152 1328 καλ
1187 1297 1189 1304 ’
1294 1281 1295 1288 ’

193 1361 357 1447 πομπεύει
375 1359 438 1440 ξδν
455 1363 497 1448 τῇ
517 1363 653 1448 στρατιᾷ
675 1363 713 1428 ἐν
736 1375 807 1439 τοῖς
826 1358 940 1440 ὅπλοις
960 1362 1016 1428 καλ
1035 1359 1152 1446 άγῶνα

193 1477 282 1530 ποιεί
301 1460 467 1547 γυμνικὸν
484 1462 541 1528 καὶ
560 1460 731 1547 μουσικόν.
767 1462 824 1528 καὶ
842 1459 883 1527 τά
901 1459 986 1528 κατά
1003 1459 1065 1548 τὴν
1084 1471 1152 1531 Αἰ-

192 1587 323 1648 γυπτον
334 1560 509 1648 ἐκόσμησε·
528 1561 592 1629 δύο
606 1559 668 1648 μὲν
677 1559 1039 1648 νομάρχαςΑἰγύπτου
1053 1563 1152 1651 κατέ-

194 1681 313 1750 στησεν
340 1669 575 1750 Αἰγυπτίους,
604 1661 799 1731 Δολόασπιν
822 1663 880 1730 καὶ
908 1663 1063 1749 Πέτισιν,
1094 1663 1191 1730 καίιε

192 1763 324 1842 τούτοις
338 1763 479 1849 διένειμε
491 1763 553 1848 τὴν
567 1763 681 1851 χάραν
693 1761 755 1848 τὴν
769 1769 981 1848 Αἰγυπτίαν·
997 1770 1152 1840 Πετίσιος

194 1863 232 1932 δε
262 1862 493 1952 ἀπειπαμένου
528 1863 591 1948 τὴν
621 1862 728 1950 ἀρχὴν
761 1863 954 1942 Δολόασπις
987 1865 1153 1949 ἐκδέχεται

158 1967 316 2033 θπᾶσαν.
355 1964 599 2052 Φρουράρχους
626 1963 664 2031 δε
689 1968 758 2033 τῶν
784 1967 927 2052 ἑταίρων
954 1967 990 2032 έν
1015 1967 1152 2050 Μέμφει

193 2093 256 2153 μεν
275 2067 515 2134 Πανταλέοντα
533 2065 710 2150 κατέστησε
727 2064 788 2133 τὸν
807 2070 998 2152 Πυδναῖον,
1022 2067 1059 2133 έν
1078 2075 1151 2150 Πη-

195 2173 323 2255 λουσίῳ
348 2165 386 2233 δέ
405 2165 592 2250 Πολέμωνα
617 2166 678 2232 τόν
701 2166 941 2252 Μεγακλέους,
966 2173 1150 2235 Πελλαιον
1164 2193 1190 2232 ιο

193 2270 263 2333 τῶν
282 2267 389 2346 ξένων
406 2263 483 2334 δε”
462 2291 575 2352 αρχειν
593 2269 751 2334 Λυκίδαν
764 2265 940 2352 Αἰτωλόν,
958 2267 1152 2354 γραμματέα

195 2366 234 2436 δὲ
252 2368 307 2436 έπί
324 2369 394 2434 τῶν
412 2367 517 2446 ξένων
536 2363 741 2451 Εὔγνωστον
762 2366 823 2436 τὸν
840 2367 1059 2452 Ξενοφάντου
1084 2371 1152 2432 τῶν
1203 2409 1206 2414 -

197 2469 355 2556 ἑταίρων·
393 2465 594 2544 ἐπισκόπους
624 2465 662 2534 δέ
693 2466 809 2535 αὐτῶν
835 2467 1010 2552 Αἰσχύλον
1036 2469 1150 2534 τεκαὶ

159 2565 357 2656 4Ἕφιππον
374 2567 435 2635 τὸν
455 2569 630 2636 Χαλκιδέα.
666 2567 795 2656 Λιβύης
820 2566 858 2636 δὲ
874 2571 933 2653 τῆς
952 2566 1151 2654 προσχώρου

195 2666 308 2754 άρχειν
326 2672 483 2754 δίδωσιν,
503 2666 730 2736 Ἀπολλώνιον
749 2675 920 2756 Χαρίνου,
938 2666 1097 2756 Ἀραβίας
1115 2667 1152 2735 δὲ
1166 2695 1190 2736 ιε

195 2771 254 2856 της
272 2767 357 2857 πρὸς
371 2767 512 2856 Ἡραίων
530 2760 624 2836 πόλει
641 2771 836 2856 Κλεομένην
853 2766 913 2836 τόν
933 2771 969 2836 ἐκ
988 2768 1152 2856 Ναυκρά-

195 2889 280 2949 τιος·
321 2870 378 2937 καὶ
401 2869 512 2960 τούτῳ
530 2871 777 2958 παρηγγέλλετο
797 2869 878 2948 τούς
902 2867 965 2956 μέν
982 2869 1153 2957 νομάρχας

197 2973 258 3040 έάν
283 2969 396 3059 άρχειν
412 2972 483 3037 τῶν
501 2972 615 3056 νομῶν
631 2972 702 3036 τῶν
725 2969 810 3038 κατά
829 2973 918 3056 σφᾶς
943 2969 1098 3058 καθάπερ
1117 2972 1153 3036 ἐκ

196 3073 341 3140 παλαιοῦ
360 3069 581 3155 καθειστήκει,
599 3067 705 3138 αὐτὸν
724 3069 762 3139 δὲ
781 3072 927 3156 ἐκλέγειν
945 3069 1018 3158 παρ’
1039 3067 1154 3138 αὐτῶν

195 3173 277 3251 τούς
301 3171 446 3259 φόρους·
483 3175 519 3238 οἰ
545 3169 582 3239 δὲ
613 3168 796 3258 ἀποφέρειν
826 3169 919 3260 αὐτῷ
952 3171 1188 3257 ἐτάχθησανιο

161 3271 405 3361 σστρατηγούς
431 3271 469 3339 δὲ
498 3273 540 3358 τῇ
573 3276 710 3359 στρατιᾷ
737 3273 938 3358 κατέστησεν
967 3269 1085 3356 ἥντινα
1117 3273 1153 3338 ἐν’

197 3372 365 3462 Αἰγύπτῳ
379 3370 578 3440 ὑπελείπετο
589 3373 785 3441 Πευκέσταν
798 3397 834 3438 τε
847 3371 907 3438 τὸν
921 3369 1151 3458 Μακαρτάτου
