2620 3924
468 171 653 240 ANABAm
672 174 696 236 4,
715 173 755 222 11.
1034 171 1095 235 165

123 330 193 392 τεόν
210 325 377 414 Ἑλλήνων
398 327 552 412 φυγόντα
570 325 745 410 σώζεσθαι·
773 328 829 396 καλ
847 325 1096 417 ἀποκρίνασθαι

124 418 229 505 αὖθις
250 429 497 516 Καλλισθένην,
524 435 557 498 εί
582 428 638 496 καὶ
664 427 710 515 μή
737 425 812 518 παρ’
840 427 976 516 ἀλλους,
1003 429 1095 518 παρά

124 553 163 612 γε
178 525 381 615 Ἀθηναίους
401 525 451 596 ότι
469 529 614 616 φυγόντι
631 522 776 617 ὑπάρχει
794 530 966 612 σώζεσθαι.
1012 531 1094 598 τοό·

125 654 205 708 τους
223 629 289 717 γάρ
315 629 474 717 καὶπρὸς
503 627 688 718 Εόρυσθία
707 636 891 718 πολεμῆσαι
911 629 1001 719 ὑπὲρ
1024 635 1093 699 τῶν

97 733 260 798 επαίδων
284 733 351 798 τῶν
371 728 591 819 Ἡρακλέους,
622 735 857 820 τυραννοῦντα
885 733 922 800 ἐν
948 737 995 822 τῷ
1021 731 1094 799 τότε

125 835 186 916 τῆς
210 828 378 912 Ἑλλάδος.

201 925 298 1018 ’Ῥπλρ
330 931 369 1002 δέ
395 937 453 1020 τῆς
486 929 745 1022 προσκυνήσεως
776 929 868 1012 ὅπως
900 931 1128 1019 ήναντιοόθησ

123 1027 345 1124 Ἀλεξάνδρῳ,
370 1036 427 1102 καὶ
450 1032 583 1102 τοῖόσδε
600 1035 726 1119 κατέχει
749 1032 856 1118 λόγος.
900 1033 1097 1120 ξυγκεῖσθαι

126 1132 190 1219 μὲν
216 1133 281 1221 γάρ
307 1138 355 1224 τῷ
370 1131 580 1225 Ἀλεξάνδρῳ
599 1135 684 1222 πρὸς
702 1133 782 1214 τούς
806 1134 968 1223 σοφιστάς
985 1161 1022 1202 τε
1039 1133 1096 1201 καλ

89 1263 115 1303 10
128 1232 211 1312 τούς
237 1231 318 1320 ἀμφ’
347 1233 453 1303 αὐτόν
480 1241 625 1323 Περσῶν
651 1237 707 1303 καὶ
731 1235 863 1321 Μήδων
889 1236 970 1314 τούς
1003 1240 1095 1302 δοκι-

127 1333 302 1421 μωτάτους
329 1334 462 1423 μνήμην
488 1339 549 1404 τοῦ
577 1335 681 1421 λόγου
708 1339 810 1403 τοῦδε
838 1339 879 1404 ἐν
907 1334 1000 1427 πότῳ
1036 1337 1096 1423 ἐμ-

51 1513 57 1523 .
127 1443 263 1523 βαλεῖν·
291 1433 387 1524 ἀρξαι
413 1435 452 1504 δὲ
478 1441 539 1504 τοῦ
566 1435 669 1522 λόγου
693 1434 909 1523 Ἀνάξαρχον,
939 1435 984 1516 οἱς
1008 1433 1130 1504 πολδε

128 1535 336 1626 δικαιότερον
362 1533 406 1604 ἀν
431 1537 516 1606 θεὸν
539 1535 754 1624 νομιζόμενον
774 1534 994 1625 Ἀλέξανδρον
1013 1550 1096 1606 Διο-

128 1635 238 1706 νόσου
265 1664 301 1706 τε
327 1639 384 1705 καὶ
406 1635 622 1726 Ἡρακλέους,
648 1638 693 1725 μὴ
717 1635 853 1706 ὅτιτῶν
873 1644 981 1728 ἔργων
999 1639 1097 1706 ἕνεκα

90 1765 115 1806 15
129 1736 192 1806 ὅσα
211 1739 268 1806 καλ
285 1735 387 1824 ἡλίκα
405 1739 677 1827 καταπέπρακται
690 1735 918 1831 Ἀλεξάνδρῳ,
937 1738 1022 1807 ἀλλά
1040 1739 1097 1806 καὶ

46 1919 49 1924 ,
130 1837 182 1906 ὅτι
201 1837 371 1918 Διόνυσος
390 1846 538 1926 Θηβαῖος
564 1839 626 1927 μὲν
653 1831 713 1926 ήυ,
741 1835 844 1907 οόδίν
867 1864 900 1907 τι
917 1839 1096 1926 προσήκων

130 1939 326 2026 Μακεδόσι,
344 1941 402 2008 καὶ
416 1937 584 2029 Ἡρακλῆς
594 1937 754 2028 Ἁργεῖος,
772 1937 855 2009 οὐδὲ
872 1930 971 2020 οὗτος
989 1959 1095 2028 προσ-

129 2040 240 2127 ήκων,
273 2037 326 2108 ὅτι·
349 2040 396 2128 μή
421 2041 505 2108 κατὰ
533 2041 630 2125 γένος
660 2039 698 2110 τδ
727 2039 970 2128 Ἀλεξάνδρου·
993 2035 1130 2128 Ἡρα-ἰ

130 2144 268 2228 κλείδην
294 2141 363 2228 γάρ
389 2140 476 2210 εἶναι
490 2139 728 2230 Ἁλέξανδρον·
757 2141 961 2221 Μακεδόνας
988 2140 1026 2210 δὲ
1052 2129 1097 2209 αὖ

90 2270 117 2309 ιο
130 2239 189 2309 τόν
217 2247 314 2329 σφόν
345 2243 482 2330 βασιλέα
504 2242 722 2330 ’δικαιότερον
754 2249 864 2322 θείαις
897 2256 1006 2329 τιμαῖς
1037 2269 1097 2311 κο·

132 2347 310 2430 σμοῦντας.
364 2345 420 2411 καὶ
447 2343 513 2433 γάρ
540 2340 621 2412 οόδλ
650 2345 758 2412 ἐκεῖνο
791 2341 878 2412 εἶναι
909 2341 1098 2432 ἀμφίλογον

132 2439 182 2512 ὅτι
200 2440 395 2512 ἀπελθόντα
420 2471 459 2529 γε
478 2443 509 2522 ἐξ
531 2441 725 2531 ἀνθρώπων
743 2440 788 2522 ἀς
805 2444 889 2512 θεόν
905 2444 1098 2532 τιμήσουσι·

132 2542 226 2636 πόσῳ
254 2543 295 2630 δή
323 2545 530 2634 δικαιότερον
554 2549 661 2626 ζῶντα
684 2549 853 2632 γεραίρειν
871 2541 955 2634 ήπερ
979 2553 1096 2614 τελευ-

131 2645 280 2730 τήσαντα
306 2647 339 2723 ές
366 2643 469 2714 οὐδέν
495 2644 618 2732 ὄφελος
644 2647 690 2736 τῷ
708 2645 893 2737 τιμωμένῳ.

90 2773 117 2814 οε
149 2785 152 2792 ·
211 2747 412 2833 Λεχθέντων
438 2745 477 2814 δλ
503 2745 632 2814 τοότων
656 2771 692 2814 τε
717 2747 773 2815 καὶ
799 2745 960 2814 τοιοότων
985 2744 1146 2832 λόγων11

92 2923 94 2930 y
132 2844 217 2933 πρός
233 2845 434 2936 Ἀναξάρχου
452 2846 532 2927 τούς
550 2847 613 2935 μὲν
629 2845 869 2934 μετεσχηκότας
891 2851 949 2932 τῆς
973 2843 1099 2934 βουλῆς

133 2950 285 3015 ἐπαινεῖν
310 2945 371 3016 τόν
398 2946 500 3034 λόγον
526 2948 583 3016 καὶ
608 2945 675 3034 ήδη
703 2947 833 3016 ἐθέλειν
860 2945 1023 3035 ἀρχεσθαι
1039 2952 1098 3034 τῆς

132 3047 406 3136 προσκυνήσεως·
433 3049 515 3128 τούς
542 3046 744 3128 Μακεδόνας
776 3048 814 3117 δὲ
836 3047 926 3127 ’τούς
953 3047 1099 3128 πολλοός
1168 3051 1175 3062 ’

132 3147 397 3237 ἀχθομένους
427 3141 475 3240 τςό
499 3147 589 3240 λόγῳ
613 3154 691 3238 σιγῇ
719 3155 814 3236 ἔχειν.
862 3150 1133 3236 Καλλισθένην2

92 3277 119 3318 ιο
133 3248 172 3318 δέ
193 3249 429 3338 ἀπολαβόντα,
451 3248 672 3336 Ἀλέξανδρον
692 3249 772 3337 μέν,
802 3255 911 3319 εἰπεῖν
918 3301 928 3336 ,
955 3241 1098 3346 οἷ’ᾼνά-

133 3348 431 3442 ξαρχεχοόδεμιάς
449 3346 585 3432 ἀνάξιον
603 3345 783 3438 ἀποφαίνω
805 3356 899 3440 τιμής
921 3347 996 3419 ὅσαι
1013 3347 1100 3437 ξόμ·

131 3477 246 3540 μετροι
271 3449 459 3545 ἀνθρώπω·
487 3449 571 3522 ἀλλά
597 3455 829 3543 διακεκρίσθαι
859 3451 926 3544 γὰρ
942 3465 1012 3532 τοῖς
1035 3448 1099 3542 ἀν-
