2620 3924
501 155 685 232 εαεοιειε
703 157 732 208 ι.
755 159 780 210 ο.
1063 155 1122 219 151

154 311 197 399 δὴ
223 305 292 380 ύπό
320 311 441 399 Κύρου
474 315 679 398 οἰκισθεῖσα,
712 311 853 380 καὶτοῦ
882 317 1040 382 πλείστου
1067 271 1123 381 καλ
1161 351 1169 368 ·

154 411 388 501 μαχιμωτάτου
432 416 501 481 τῶν
542 411 650 502 ταύτη
694 411 877 502 βαρβάρων
921 416 954 494 ἐς
996 411 1124 502 ταύτην

156 511 432 601 συμπεφευγότος
472 509 535 601 ούχ
576 509 739 594 ὡσαύτως
779 516 882 604 όχδία
922 516 955 596 ἐξ
995 513 1122 602 ἐφόδου

158 615 246 682 ἑλεῖν
283 627 353 694 τοῖς
393 612 591 683 Μακεδόσιν
631 615 791 699 ἐγίγνετο.
857 608 942 684 άλλά
973 616 1123 703 μηχανάς

127 712 223 804 ῡγάρ
255 711 438 803 προσάγων
469 718 517 806 τῷ
549 718 649 802 τείχει
671 711 891 804 Ἀλέξανδρος
922 714 1029 805 ταύτη
1061 715 1125 804 μὲν

154 820 345 885 κατασείειν
385 813 513 884 ἐπενόει
549 814 587 883 τό
628 827 737 902 τεῖχος
777 815 834 884 καλ
872 813 955 884 κατά
993 815 1031 885 τό
1071 811 1123 885 άεὶ

155 913 485 1006 παραρρηγνύμενον
509 912 617 984 αύτού
642 915 702 996 τάς
728 915 917 1004 προσβολάς
943 927 1121 986 ποιεῖσθαι.

156 1014 260 1098 αύτός
293 1015 332 1084 δὲ
366 1013 411 1096 τός
444 1021 576 1085 κατεῖδε
606 1013 686 1096 τούς
719 1021 841 1105 ἔκρους
866 1021 928 1086 τού
954 1023 1157 1106 amanam

155 1113 193 1198 ὃς
219 1115 276 1186 διά
293 1119 352 1204 τῆς
369 1114 498 1197 πόλεως
515 1115 714 1208 χειμάρρους
732 1113 781 1186 τόν
802 1119 976 1206 διέρχεται,
1003 1117 1124 1208 ξηρούς

115 1238 142 1279 10
157 1220 195 1287 ἐν
220 1221 268 1310 τῷ
294 1215 370 1288 τότε
395 1213 521 1297 ύδατος
546 1219 604 1286 καὶ
630 1213 671 1286 ού
699 1219 848 1304 ξυνεχεῖς
874 1231 945 1298 τοῖς
970 1225 1123 1306 τείχεσιν,

156 1315 232 1387 ἀλλ’
254 1323 347 1398 οἵους
365 1331 552 1406 παρασχεῖν
569 1315 719 1406 πάροδον
737 1317 950 1407 στρατιύταις
967 1321 1125 1388 διαδῦναι

157 1421 191 1500 ἐς
216 1417 279 1506 τήν
304 1415 422 1504 πόλιν,
455 1415 638 1506 άναλαβτόν
662 1416 742 1498 τούς
772 1444 808 1488 τε
834 1419 1124 1508 σωματοφύλακας

155 1519 214 1589 καὶ
245 1517 338 1602 τούς,
358 1516 570 1600 ὑπασπιστάς
601 1517 659 1587 καὶ
692 1515 774 1598 τούς
799 1518 935 1600 τοξότας
960 1521 1019 1589 καί
1044 1518 1125 1600 τούς

153 1617 346 1710 Ἀγριᾶνας,
382 1619 618 1710 τετραμμένων
648 1623 718 1688 τάν
748 1620 930 1709 βαρβάρων
955 1619 1041 1710 πρός
1066 1619 1126 1701 τάς

117 1742 143 1782 1⁶
156 1721 308 1810 μηχανάς
334 1719 391 1788 καί
416 1719 498 1801 τούς
523 1718 629 1809 ταύτη
647 1722 946 1809 προσμαχομένους
964 1719 1126 1790 λανθάνει

156 1821 241 1892 κατά
266 1819 348 1902 τούς
373 1825 493 1911 ἔκρους
510 1819 574 1903 ξύν
591 1818 717 1908 ὀλίγοις
733 1818 771 1888 τό
790 1825 925 1910 πρῶτον
943 1820 1126 1911 παρεῖδον

158 1926 192 2004 ἐς
217 1921 280 2010 τὴν
305 1921 420 1991 πόλιν
461 1917 663 2012 ἀναρρήξας
677 1919 716 1989 δὲ
742 1924 886 1990 ἔνδοθεν
912 1926 981 1990 τάν
1006 1927 1158 1990 πυλῶνα

157 2031 197 2094 αλ
219 2021 304 2092 κατά
330 2027 431 2091 τοῦτο
455 2019 494 2090 τό
523 2026 648 2110 χωρίον
674 2011 779 2108 ἦσαν,
812 2022 940 2108 δέχεται
964 2022 1021 2091 καὶ
1047 2019 1126 2102 τούς

157 2122 280 2204 άλλους
306 2121 508 2209 στρατιύτας
534 2117 693 2202 εύπετως.
733 2126 820 2190 ἔνθα
847 2119 889 2210 δη
914 2149 933 2191 ο
935 2121 1128 2212 ίβάρβαροι

117 2245 145 2286 ²0
159 2226 322 2313 ἐχομένην
347 2222 411 2311 ἥδη
437 2221 499 2311 τὴν
526 2221 625 2292 πόλιν
651 2219 850 2309 αίσδόμενοι
868 2224 923 2292 ἐπὶ
940 2222 1021 2304 τούς
1038 2217 1125 2312 ἄμφ’

153 2323 377 2414 Ἀλέξανδρον
394 2323 483 2413 ὅμως
503 2323 711 2412 ἐτράπησαν·
738 2321 795 2390 καὶ
814 2329 943 2409 γίνεται
956 2321 1126 2414 προσβολὴ

157 2424 274 2496 αύτοῐν
295 2423 453 2513 καρτερά·
498 2424 556 2493 καί
572 2423 730 2514 βάλλεται
746 2428 834 2516 λίδφ
853 2422 956 2504 αύτός
970 2422 1125 2506 Ἀλέξαν-
1234 2499 1241 2510 ,

157 2531 238 2616 δρος
270 2531 343 2614 βιαί
342 2551 387 2605 ως
422 2524 546 2612 τόντε
571 2521 725 2612 κεφαλην
749 2522 867 2594 καί
832 2551 892 2594 τον
918 2519 1045 2613 αύχίνα
1070 2525 1126 2593 καὶ

158 2625 331 2751 Κράτερος
356 2623 532 2752 τοξεύματι
557 2653 614 2694 και
639 2624 757 2694 πολλοὶ
789 2621 884 2695 άλλοι
909 2630 978 2694 τάν
1003 2623 1127 2714 ἡγεμό-

119 2746 245 2798 ῖονων·
285 2724 371 2797 άλλά
404 2726 461 2796 καὶ
489 2722 534 2807 οδς
568 2727 713 2807 ἐξέωσαν
741 2727 777 2796 ἐκ
802 2731 861 2814 τῆς
888 2723 1015 2816 άγοράς
1047 2726 1127 2806 τούς

157 2827 362 2919 βαρβάρους.
420 2826 477 2896 καὶ
516 2827 554 2896 όν
594 2826 704 2919 τούτῳ
745 2830 781 2894 οί
817 2825 900 2894 κατά
938 2824 976 2895 τό
1020 2841 1162 2916 τεῖχοςε

157 2926 444 3026 προσβεβληκότες
463 2933 586 3018 ἔρημον
603 2927 669 3016 ηδη
686 2922 724 2994 τό
742 2941 849 3014 τεῖχος
867 2953 937 2995 των
955 2951 1126 3016 προμαχο-

157 3033 271 3119 μένων
297 3058 318 3099 α
320 3035 463 3119 λρούσιν.
508 3030 545 3098 ίν
569 3028 632 3134 μὲν
659 3025 701 3115 δὴ
727 3031 770 3117 τῇ
797 3027 913 3117 πρύτη
941 3025 1128 3115 καταλήψει

157 3157 219 3218 της
252 3130 381 3211 πόλεως
416 3117 599 3199 άπόδανον
617 3155 688 3198 των
720 3133 891 3216 πολεμίων
917 3127 1060 3217 μάλιστα
1094 3131 1127 3210 ἐς

120 3249 146 3294 το
159 3227 438 3319 ὀκτακισχιλίους
466 3233 502 3299 ολ
524 3229 563 3299 δε
590 3233 701 3300 λοιποί
725 3221 894 3324 (ησαν
854 3257 919 3319 γαρ
945 3235 983 3299 οι
1006 3229 1127 3311 πάντες

159 3333 193 3412 ἐς
209 3339 355 3422 μυρίους
372 3333 430 3400 καλ
447 3337 735 3420 πεντακισχιλίους
752 3335 919 3419 μαχίμους
937 3358 955 3400 ο
959 3332 1126 3418 ίξυνελη-

157 3431 317 3522 λνθότες)
343 3431 615 3521 καταφεύγουσιν
643 3434 676 3514 ἐς
693 3428 789 3522 την”
768 3457 884 3522 ακραν.
911 3431 969 3500 καλ
985 3430 1128 3510 τούτους
