2620 3924
433 111 634 210 ἐαεοεειε
652 161 676 222 2,
699 137 739 210 ιτ.
1032 157 1074 222 83

105 296 239 376 τούτοις
268 297 423 384 ἐπάγων,
449 295 495 376 ύς
520 296 629 384 αὐτην
647 299 753 366 ταῦτα
769 297 928 388 Ἡρακλεῖ
949 296 987 367 δι’
1001 297 1074 370 Et}-

108 399 264 486 ρυσθέως
291 400 587 486 ἐπαγγέλλουσαν,
612 397 651 466 τδ
674 398 715 468 ού
744 400 862 470 πιστὸν
887 399 1073 490 τοῦλόγου

108 499 360 588 άποκτρύπτειν
380 501 491 571 ἐθέλοι
508 502 555 592 τῷ
575 499 688 590 μύθῳ.
743 537 746 544 ·

122 669 126 676 ,
191 601 309 692 Τούτῳ
324 605 371 692 τῷ
383 599 541 690 Ἡρακλεῖ
553 603 600 691 τῷ
617 608 732 694 Τυρίῳ
747 607 811 690 ἔφη
826 603 955 672 ἐθέλειν
968 604 1074 671 θῦσαι
1091 618 1107 669 ἰ

82 699 333 791 εἈλέξαυδρος.
382 701 428 782 ω’ς
458 702 496 772 δέ
525 701 722 794 ἀπηγγέλθη
753 705 860 772 ταῦτα
890 703 975 792 πρὸς
1004 706 1074 772 των

109 805 284 892 πρέσβεων
309 811 358 884 είς
375 804 438 890 την
463 803 594 893 Τύρον,
618 802 659 884 τά
677 803 740 890 μὲν
765 802 850 874 άλλα
870 806 965 888 ἔδοξέ
981 825 1075 892 σφισι

109 921 218 974 ποιεῖν
237 899 382 994 ὅτιπερ
405 906 601 992 ἐπαγγέλλει
615 903 852 995 Ἀλέξανδρος,
877 914 926 986 είς
952 905 990 976 δέ
1013 907 1074 994 τὴν
1162 933 1168 946 ·

109 1005 209 1074 πόλιν
227 1005 309 1094 μήτε
326 1006 400 1074 τινά
416 1009 559 1096 Περσῶν
577 1005 661 1093 μήτε
674 1007 887 1076 Μακεδόνων
905 1009 1075 1095 δέχεσθαι,

108 1105 155 1186 ύς
174 1103 276 1176 τοῦτο
296 1113 329 1187 ές
347 1134 382 1175 τε
399 1107 440 1176 τά
460 1106 611 1196 παρόντα
627 1109 674 1198 τῷ
693 1108 785 1199 λόγῳ
804 1107 1074 1198 εὐπρεπέστατον

72 1231 96 1271 ιο
109 1209 168 1276 καὶ
195 1211 227 1286 ές
246 1210 307 1276 τού
332 1209 481 1296 πολέμου
506 1208 567 1295 τὴν
591 1216 722 1296 κρίσιν,
745 1207 870 1296 άδηλον
890 1217 937 1278 ἔτι
954 1201 1074 1296 οὖσαν,

109 1309 368 1396 ἀσφαλέστατόν
387 1329 480 1396 σφισι
497 1309 739 1396 γενησόμενον·
768 1309 813 1390 ως
831 1309 870 1380 δὲ
889 1313 1073 1400 ἐξηγγέλθη
1091 1325 1109 1376 8

105 1409 317 1500 Ἀλεξάνδρῳ
331 1410 372 1480 τά
389 1412 425 1478 ἐκ
438 1411 497 1498 τῆς
513 1409 641 1500 Τύρου,
653 1410 734 1490 τούς
747 1410 810 1499 μὲν
822 1413 976 1500 πρέσβεις
990 1411 1074 1501 πρὸς

109 1509 216 1600 ὀργὴν
235 1509 344 1580 ὀπίσω
362 1509 569 1598 ἀπέπεμψεν.
597 1509 700 1592 αύτδς
714 1511 752 1582 δὲ
771 1513 974 1600 ξυναγαγεδν
993 1513 1075 1593 τούς

109 1639 146 1681 τε
176 1613 330 1701 ἑταίρους
352 1615 416 1681 καὶ
443 1613 524 1692 τούς
551 1611 717 1701 ἡγεμόνας
750 1616 810 1700 της
836 1620 991 1704 στρατιᾶς
1017 1617 1075 1684 ’καὶ

73 1737 96 1776 ιε
110 1714 290 1802 ταξιάρχας
308 1715 365 1782 καὶ
386 1713 525 1804 ἰλάρχας
545 1715 653 1795 ἔλεξεν
672 1705 746 1784 ὦδε.

193 1811 336 1904 ’Ἀυδρες
354 1822 448 1901 φίλοι
465 1817 522 1884 καί
537 1816 719 1904 ξύμμαχοι,
741 1813 824 1902 ἡμῖν
843 1813 920 1886 ούτε
937 1815 999 1903 τὴν
1019 1814 1071 1885 ἐπ’
1085 1829 1124 1891 17

109 1916 293 2002 Αἰγύπτου
308 1923 449 2006 πορείαν
463 1915 599 2003 ἀσφαλῆ
618 1915 687 2006 ὁρῶ
703 1911 1075 2006 θαλασσοκρατούντων

109 2019 269 2105 Περσῶν,
288 2017 440 2106 Δαρείόν
456 2044 492 2085 τε
510 2017 642 2086 διάκειν
660 2015 949 2105 ἀπολειπομένους
967 2016 1075 2104 αύτηυ

109 2145 145 2187 τε
168 2117 279 2188 ὀπίσω
305 2118 368 2204 τὴν
398 2122 467 2187 τῶν
499 2126 635 2208 Τυρίων
664 2118 763 2188 πόλιν
795 2117 988 2214 ἀμφίβολον
1017 2121 1076 2188 καὶ

73 2246 98 2286 20
112 2231 291 2308 Αἴγυπτον
305 2221 364 2288 καὶ
378 2219 523 2309 Κύπρον
542 2221 701 2308 ἐχομένας
716 2219 801 2310 πρὸς
819 2224 975 2310 Περσῶν,
994 2219 1075 2290 οὐδὲ

109 2323 212 2389 τούτο
230 2319 380 2408 ἀσφαλές
400 2327 434 2401 ἔς
457 2348 493 2390 τε
509 2321 551 2390 τά
568 2318 653 2390 ἀλλα
671 2323 729 2390 καὶ
746 2321 888 2410 μάλιστα
907 2322 948 2408 δὴ
976 2325 1009 2402 ές
1033 2321 1075 2390 τά

107 2421 281 2509 Ἑλληνικά
306 2423 505 2512 πράγματα,
529 2423 575 2510 μή
599 2421 672 2490 ποτ’
701 2421 767 2513 ἀρα
794 2423 1109 2512 ε’πικρατησάντεςι

110 2513 212 2602 αὖθις
236 2525 305 2591 τῶν
331 2525 386 2592 έπὶ
408 2523 566 2612 θαλάσση
594 2530 728 2612 χωρίων
752 2528 788 2592 οί
810 2525 958 2614 Πέρσαι,
989 2550 1075 2614 προ-

109 2623 336 2714 χωρησάντων
349 2623 446 2713 ἡμῶν
461 2624 524 2706 ξύν
538 2627 578 2712 τῇ
594 2625 736 2712 δυνάμει
750 2623 795 2704 ύς
811 2627 866 2694 ἐπὶ
881 2626 1075 2714 Βαβυλῶνά

71 2751 97 2792 τε
110 2753 145 2794 τε
161 2728 219 2794 καὶ
236 2737 398 2816 Δαρείου,
412 2723 511 2794 αὐτοὶ
521 2725 585 2807 ξύν
595 2733 725 2794 πλείονι
735 2725 845 2817 στόλῳ
854 2727 1075 2814 μεταγάγοιεν

109 2827 170 2896 τδυ
195 2827 342 2914 πόλεμον
375 2831 408 2907 ές
434 2826 497 2914 τὴν
516 2825 679 2913 Ἑλλάδα,
705 2832 983 2915 Λακεδαιμονίων
1002 2829 1097 2915 μὲν.

110 2932 147 2997 έκ
165 2932 228 2996 τού
248 2927 369 3008 εύθέος
386 2927 469 3016 ἡμῖν
483 2928 736 3016 πολεμούντων,
753 2929 811 3014 της
829 2927 868 2996 δέ
883 2927 1075 3016 Ἀθηναίων

110 3027 240 3109 πόλεως
271 3028 369 3120 φόβῳ
395 3028 528 3117 μᾶλλόν
557 3057 589 3098 τι
608 3025 634 3116 ἢ
658 3028 778 3119 εύνοία
804 3032 846 3118 τῇ
872 3030 964 3120 πρὸς.
987 3027 1075 3118 ἡμᾶς

109 3129 194 3220 πρὸς
212 3129 250 3198 τὸ
270 3130 380 3220 παρδν
397 3132 628 3218 κατεχομένης.
663 3133 886 3221 ἐξαιρεθείσης
901 3131 939 3201 δὲ
959 3131 1073 3220 Τύρου
1092 3147 1109 3194 3

71 3229 131 3316 τοίγ’
154 3258 190 3300 τε
216 3239 356 3321 Φοινίκη
382 3238 488 3320 ἔχοιτο
512 3227 555 3300 άν
573 3235 663 3300 πᾶσα
681 3235 737 3302 καὶ
755 3233 793 3300 τδ
810 3231 973 3302 ναυτικὸν
992 3229 1074 3320 ὅπερ

110 3333 270 3404 πλεῖστόν
294 3333 411 3404 τεκαὶ
436 3333 614 3422 κράτιστον
636 3335 698 3402 τού
718 3327 908 3424 Περσικού,
933 3334 971 3402 τδ
992 3342 1074 3403 Φοι-

109 3443 230 3524 νίκων,
249 3433 328 3528 παρ’
344 3434 430 3524 ἡμᾶς
443 3433 688 3523 μεταχωρήσειν
706 3435 813 3516 είκός·
832 3434 873 3506 ού
892 3437 957 3523 γὰρ
975 3433 1074 3512 ἀνέξ-

886 3550 922 3597 6*
