2572 3920
220 151 259 222 18
572 150 822 216 ΑΛΕΞΑΝΔΡοκ

217 295 332 385 μάχοις
354 295 412 365 καί
434 295 568 389 μεγάλῳ
592 303 725 384 βασιλεῖ
739 295 988 384 πολεμοῦντας,
1012 295 1090 366 ούτε
1116 292 1184 366 αύ·

130 395 144 419 “
218 412 288 476 τοῖς
305 411 375 477 τοῖς
392 400 563 465 παθοῦσιν
582 407 660 484 ῖσην
676 395 740 484 τὴν
756 406 916 484 αἴσθησιν
933 402 991 485 τῆς
1009 399 1184 487 ξυμφορᾶς

219 497 447 587 προσέθηκεν,
475 495 554 566 ούτε
575 511 644 578 τοῖς
671 495 784 578 ἀλλοις
802 495 938 586 Ἕλλησι
963 495 1027 585 την
1053 499 1108 567 ἐπὶ
1134 505 1184 590 τῷ

185 597 322 668 επάθει
348 599 504 684 ἐκπληξιν
530 595 652 687 ὁμοίαν
678 598 831 689 παρέσχε.
864 599 921 667 καὶ
946 594 983 668 τό
1010 600 1047 667 ἐν
1075 598 1183 686 Αίγὸς

218 713 379 786 ποταμοῖς
396 691 497 779 αὖθις
517 695 710 786 Ἀθηναίων
734 713 881 788 πταῖσμα
904 699 1063 768 ναυτικόν
1085 726 1120 768 τε
1137 693 1183 787 ἦν
1209 722 1225 764 ε

219 793 313 886 καὶὴ
333 799 424 878 πόλις
448 796 551 870 οὐδέν
575 798 658 869 ἀλλο
675 799 726 869 ὅτι
747 797 793 889 μὴ
810 805 880 869 τῶν
901 803 1041 889 μακράν
1064 806 1183 889 τειχῶν

217 902 411 990 καθαιρέσει
445 901 502 970 καὶ
531 904 619 970 νεῶν
648 904 717 969 τάν
747 905 884 970 πολλῶν
914 899 1094 989 παραδόσει
1124 903 1203 969 καὶ.

220 999 371 1090 στερήσει
393 1007 452 1088 τῆς
475 998 579 1092 ἀρχῆς
604 1003 636 1082 ἐς
653 1000 872 1088 ταπεινότητα
890 998 1073 1089 ἀφικομένη
1090 1001 1129 1070 τό
1145 1028 1183 1070 τε

220 1107 328 1191 σχῆμα
346 1100 383 1171 τό
398 1100 536 1190 πάτριον
554 1097 644 1190 ὅμως
658 1101 803 1189 ἐφύλαξε
819 1103 876 1170 καὶ
893 1100 955 1189 την
973 1101 1120 1191 δύναμιν
1138 1100 1180 1172 ού

220 1200 274 1271 διά
296 1207 428 1292 μακροῦ
450 1199 513 1289 τὴν
536 1201 638 1272 πάλαι
661 1199 842 1290 ἀνέλαβεν,
871 1200 916 1282 άς
942 1201 983 1271 τά
1007 1229 1043 1272 τε
1068 1203 1181 1292 μακρά
1197 1230 1223 1270 ιο

220 1310 312 1392 τείχη
327 1305 501 1391 ἐκτειχίσαι
514 1304 570 1372 καὶ
586 1306 644 1390 της
660 1301 835 1391 θαλάσσης
848 1295 951 1384 αύθις
967 1305 1183 1393 ἐπικρατῆσαι

219 1406 276 1475 καὶ
301 1403 381 1483 τούς
404 1402 479 1472 τότε
503 1401 673 1494 φοβερούς
697 1423 790 1492 σφισι
812 1409 1099 1492 Λακεδαιμονίους
1124 1405 1182 1472 καὶ

219 1531 287 1596 παρ
290 1502 438 1590 ’ὀλίγον
456 1503 616 1584 ἐλθόντας
630 1500 846 1593 ἀφανίσαι
808 1532 871 1592 την
888 1503 988 1573 πόλιν
1001 1502 1125 1584 αύτούς
1144 1506 1181 1574 ἐν

219 1609 266 1698 τῷ
292 1607 384 1694 μέρει
415 1606 545 1674 ἐκτῶν
572 1603 719 1692 ἐσχάτων
744 1605 915 1674 κινδύνων
939 1605 1180 1674 διασώσασθαι.

186 1722 204 1771 4
221 1709 494 1800 Λακεδαιμονίων
510 1731 547 1774 τε
564 1696 608 1774 αύ
626 1703 664 1773 τό
682 1704 765 1774 κατά
778 1707 935 1794 Λεῦκτρα
974 1709 1031 1776 καὶ
1043 1716 1179 1776 Μαντί-
1194 1731 1220 1774 ιε

214 1833 308 1878 νειαν
324 1819 469 1907 πταῖσμα
485 1831 531 1898 τςο
519 1805 727 1897 παραλόγῳ
739 1803 870 1904 μᾶλλόν
886 1833 916 1874 τι
932 1833 992 1894 της
1009 1808 1181 1896 ξυμφορᾶς

219 1936 287 2000 η
257 1933 301 1976 ιω
289 1905 435 1994 πληθει
446 1911 516 1978 τάν
525 1934 563 1994 γε
576 1893 794 1996 ἀπολομένων
807 1905 886 1988 τούς
896 1911 1180 1996 Λακεδαιμονίους

221 2009 409 2095 ἐξέπληξεν
450 2036 472 2094 η
503 2033 538 2077 τε
572 2005 636 2089 ξύν
664 2005 916 2098 Ἐπαμεινώνδα
941 2012 1098 2078 Βοιωτῶν
1124 2008 1180 2076 καλ

196 2175 199 2180 ,
218 2105 390 2231 Ἀρκάδων
403 2109 566 2196 γενομένη
584 2104 752 2197 προσβολη
771 2105 854 2196 πρὸς
867 2134 929 2195 την
943 2107 1107 2196 Σπάρτην
1124 2135 1203 2228 και.

220 2206 305 2294 αύτη
323 2212 371 2300 τῷ
388 2205 487 2296 ἀήθει
499 2234 558 2329 τχς
576 2205 685 2290 ὅψεως
702 2205 864 2296 μαλλον
844 2235 865 2295 η
882 2235 923 2297 τη
910 2203 1096 2298 ἀκριβείᾳ
1109 2236 1178 2278 των
1190 2237 1216 2278 το

220 2305 390 2378 κινδύνων
416 2305 541 2388 αύτούς
563 2333 598 2378 τε
616 2305 697 2390 τούς
722 2313 1007 2397 Λακεδαιμονίους
1025 2310 1080 2377 καὶ
1099 2307 1179 2389 τούς

220 2408 508 2498 ξυμμετασχόντας
526 2405 640 2488 αύτοῖς
657 2435 725 2478 των
742 2407 815 2479 τότε
831 2409 1037 2500 πραγμάτων
1055 2408 1180 2496 ἐφόβηω

186 2524 203 2574 σ
221 2517 287 2582 σεν.
323 2506 340 2597 ἡ
359 2509 397 2578 δὲ
415 2507 672 2605 δεῇ-Πλαταιέων
689 2508 809 2590 ἅλωσις
825 2515 885 2598 τῆς
903 2509 1030 2590 πόλεως
1046 2513 1087 2600 τῇ
1102 2530 1179 2597 σμι·

219 2608 353 2700 κρότητι
369 2613 437 2679 τῶν
455 2611 793 2698 ἐγκαταληφθέντων,
814 2606 865 2679 ότι
881 2615 917 2679 ολ
931 2611 1049 2680 πολλοὶ
1067 2608 1181 2679 αύτοῖν

220 2710 490 2799 διαπεφεύγεσαν
507 2709 611 2780 πάλαι
628 2712 661 2790 ἐς
683 2708 742 2794 τάς
763 2707 924 2798 Ἀθήνας,
951 2708 992 2780 ού
1011 2711 1096 2830 μέγα
1114 2709 1175 2778 πά·
1193 2736 1218 2779 ιτ

219 2821 312 2900 θημα
337 2813 475 2898 ἐγένετο.
527 2811 584 2880 καὶ
605 2839 627 2898 η
650 2809 772 2898 Μήλου
795 2811 852 2879 καὶ
872 2810 1024 2900 Σκιώνης
1047 2807 1179 2896 ἅλωσις,

220 2911 399 3000 νησιωτικά
415 2939 451 2981 τε
464 2903 690 3001 πολίσματα
668 2939 712 2998 ην
725 2911 781 2980 καὶ
798 2925 867 2998 τοῖς
886 2910 1048 3000 δράσασιν
1061 2911 1180 3008 αἰσχύ-

220 3040 284 3100 νην
301 3011 428 3101 μᾶλλόν
440 3038 472 3082 τι
485 3007 724 3102 προσέβαλεν
703 3040 725 3098 η
744 3013 776 3091 ἐς
789 3038 826 3080 το
817 3009 998 3100 ξύμπαν“
997 3011 1181 3100 Ελληνικόν

218 3112 381 3202 μέγαν
345 3140 406 3181 τον
420 3112 612 3202 παράλογον
630 3113 783 3201 παρέσχε.

186 3225 205 3278 ε
299 3212 520 3300 Θηβαίοιςδέ
543 3211 583 3281 τά
610 3240 669 3300 της
694 3209 907 3294 ἀποστάσεως
933 3208 1010 3296 ὀξέα
1035 3213 1093 3282 καὶ
1118 3213 1180 3296 ξύν
1194 3241 1221 3283 ιο

108 3349 119 3374 0
222 3307 339 3384 ούδενὶ
356 3318 503 3406 λογισμῷ
520 3311 701 3403 γενόμενα,
727 3313 784 3382 καί
806 3311 827 3402 ἡ
845 3313 969 3396 ἅλωσις
992 3311 1038 3382 δι’
1063 3312 1179 3401 ὀλίγον

222 3441 257 3485 τε
275 3414 332 3484 καὶ
350 3411 390 3483 ού
410 3412 472 3497 ξύν
490 3413 590 3511 πόνφ.
601 3417 669 3486 τῶν
688 3413 830 3485 ἑλόντων
840 3415 1102 3504 ξυνενεχθεῖσα,
1125 3416 1181 3484 καλ
