2620 3924
368 121 380 140 ³
491 154 676 206 εαεεεειε
694 158 718 220 ε,
736 156 762 207 ι.
1047 152 1107 218 103

148 293 294 383 κόρακας
311 299 377 366 δόο
390 295 661 382 προπετομένους
680 292 745 380 πρὸ
763 295 822 379 τῆς
840 297 1009 383 στρατιᾶς,
1026 293 1109 362 τοό-

147 421 227 474 τους
251 397 411 482 γενέσθαι
425 393 633 485 Ἀλεξάνδρῳ
658 394 740 474 τοδς
764 393 942 482 ἡγεμόνας.
983 397 1041 463 καὶ
1059 393 1110 462 ὅτι

147 495 209 580 μὲν
232 497 332 564 θεῖόν
354 522 385 562 τι
408 495 634 584 ξυνεπέλαβεν
652 493 746 586 αὐτῷ
773 501 837 582 ἔχω
857 503 1109 584 ἰσχυρίσασθαι,

148 595 198 663 ὅτι
210 598 269 664 καί
282 597 320 664 τὰ
335 597 425 674 είκὸς
439 597 546 683 ταότη
562 601 642 682 ἔχει·
668 596 707 664 τδ
726 595 765 664 δὲ
777 595 913 684 ἀτρεκὲς
926 597 988 664 τοῦ
1003 596 1108 682 λόγου

117 721 133 760 ε
147 696 330 784 ἀφείλοντο
339 695 466 785 οίόίλλη
477 699 534 764 καὶ
545 695 631 785 ἄλλη
641 694 730 785 ὑπὲρ
740 695 847 766 αὐτοῦ
861 697 1106 785 ἐξηγησάμενοι.

222 797 258 866 ‘0
276 797 314 866 δὲ
332 803 439 886 χῶρος
458 803 579 885 ἵναπερ
597 801 659 866 τοῦ
674 795 853 885 ’Ἄμμωνος
870 796 909 866 τό
930 798 1021 887 ίερόν
1040 801 1138 872 ἐστι4

145 897 187 964 τίι
204 897 268 985 μὲν
286 898 402 990 κόκλῳ
417 899 527 968 πάντα
543 905 647 986 ἔρημα
665 900 721 966 καὶ
740 899 879 986 ψάμμον
896 899 934 966 τὸ
954 903 1022 966 πᾶν
1043 905 1109 985 ἔχει

146 1000 204 1066 καί
227 997 385 1087 ἄνυδρος.
427 997 530 1078 αὐτός
554 998 593 1068 δὲ
619 1002 656 1068 έν
680 1001 772 1090 μέσῳ
796 999 913 1086 ὀλίγος
937 995 986 1068 ὢν
1010 996 1108 1086 (ὅσον

146 1098 213 1187 γὰρ
237 1107 396 1168 πλεῖστον
419 1099 527 1168 αὐτοῦ
554 1103 588 1178 ἐς
612 1100 737 1179 πλοίτος
761 1103 860 1186 διέχει
885 1104 918 1179 ἐς
942 1099 1108 1188 τεσσαρά-

107 1223 134 1264 ιο
148 1225 251 1268 κοντα
275 1200 419 1288 μάλιστα
443 1203 603 1280 σταδίους
631 1199 773 1289 ἔρχεται)
797 1199 992 1280 κατάπλεώς
1019 1203 1109 1269 ἐστιν

146 1299 282 1387 ἡμέραν
294 1303 460 1390 δένδρων,
476 1305 597 1370 ἐλαιῶν
610 1303 667 1368 καὶ
681 1309 858 1388 φοινίκων,
875 1304 931 1368 καί
948 1307 1108 1390 ἔνδροσος

147 1401 251 1486 μόνος
268 1404 337 1470 τῶν
355 1402 457 1490 πέριξ.
493 1403 551 1470 καὶ
569 1401 659 1488 πηγὴ
677 1401 710 1481 ἐξ
728 1400 837 1470 αὐτοῦ
856 1400 985 1487 ἀνίσχει
1004 1399 1107 1470 οὐδέν
1125 1419 1142 1468 ν

147 1529 178 1568 τι
197 1504 327 1570 ἐοικυῖα
339 1518 413 1581 ταῖς
428 1517 551 1589 πηγαῖς
570 1499 645 1570 ὅσαι
656 1500 755 1572 ἄλλαι
770 1505 806 1572 ἑκ
820 1505 881 1589 γῆς
899 1501 1107 1588 ἀνίσχουσιν.

150 1604 187 1669 ἐν
204 1601 267 1688 μὲν
285 1601 353 1690 ’γὰρ
375 1609 564 1691 μεσημβρίᾳ
590 1603 725 1689 ψυχρόν
742 1603 780 1671 τό
797 1601 893 1691 ὕδωρ
910 1602 1109 1694 γευσαμένῳ

110 1729 136 1770 τε
148 1728 184 1770 τε
197 1704 254 1770 καὶ
272 1709 319 1771 ἔτι
335 1706 465 1790 μᾶλλον
478 1702 641 1794 ἁψαμένῳ
655 1700 730 1774 οἷον
744 1705 973 1792 ψυχρότατον·
994 1708 1108 1790 ἐγκλί·

148 1829 271 1882 ναυτος
285 1803 323 1872 δὲ
335 1807 397 1872 τοῦ
411 1801 510 1891 ἡλίου
525 1806 560 1882 ές
576 1803 720 1894 ἑσπέραν
733 1805 951 1892 θερμότερον,
968 1807 1026 1872 καὶ
1040 1803 1108 1872 ἀπὸ

148 1905 207 1990 της
226 1903 369 1993 ἑσπέρας
395 1911 442 1974 ἔτι
458 1903 664 1992 θερμότερον
683 1910 755 1973 ἔστε
774 1907 828 1974 ἐπὶ
847 1904 951 1992 μέσας
968 1905 1110 1991 νόκτας,

149 2003 261 2091 μέσον
275 2004 313 2073 δὲ
324 2008 461 2074 νυκτῶν
475 2008 598 2074 ἑαυτοῦ
611 2004 837 2093 θερμότατον·
864 2005 931 2073 ἀπὸ
946 2004 984 2073 δὲ
996 2005 1109 2092 μέσον

148 2107 285 2174 νυκτιόν
309 2105 452 2192 ψόχεται
478 2109 515 2174 ἐν
538 2106 645 2192 τάξει,
674 2106 731 2173 καὶ
758 2107 865 2175 ἕωθεν
888 2106 1022 2194 ψυχρόν
1045 2103 1109 2193 ἤδη

111 2231 138 2272 νο
154 2209 236 2292 ἐστί,
255 2207 469 2294 ψυχρότατον
487 2205 525 2276 δδ
538 2213 759 2294 μεσημβρίας·
786 2209 962 2276 καὶτοῦτο
980 2207 1110 2295 ἀμείβει

152 2310 190 2375 έν
212 2306 303 2388 τόξει
326 2309 383 2378 ἐπὶ
403 2308 525 2396 ἑκάστη
549 2306 667 2396 ἡμέρῳ.
704 2314 879 2394 γίγνονται
902 2306 940 2376 δὲ
957 2311 1015 2377 καὶ
1033 2305 1109 2386 ἅλες
1127 2324 1144 2373 3

152 2405 336 2495 αὐτόματοι
351 2411 387 2478 ἐν
401 2411 448 2499 τῳ
467 2415 579 2499 χωρίῳ
596 2407 708 2499 τοότῳ
722 2406 863 2496 ὀρυκτοί
869 2427 876 2440 ·
903 2410 960 2476 καὶ
978 2408 1109 2476 τοότοιν

155 2515 242 2576 ἔστιν
256 2504 317 2587 οὓς
332 2511 365 2589 ές
380 2519 558 2594 Αίγυπτον
576 2507 719 2596 φέρουσι
732 2511 802 2576 τόν
818 2509 933 2595 ίερέοιν
947 2509 1034 2590 τινὲς
1047 2511 1109 2576 τοῦ

143 2606 329 2696 ’Ἄμμωνος
372 2610 483 2696 ἐπειδὴ
508 2609 572 2696 γδιρ
599 2607 647 2678 ἐπ’
667 2609 846 2696 Αίγόπτου
865 2610 1058 2680 στέλλονται
1076 2610 1110 2688 ές

113 2731 140 2774 τε
153 2715 300 2788 κοιτίδας
324 2710 467 2789 πλεκτὰς
492 2713 529 2778 έκ
546 2717 699 2795 φοίνικος
718 2710 915 2796 ἐσβαλόντες
933 2716 1045 2799 δῶρον
1061 2713 1109 2799 τῷ

152 2817 285 2897 βασιλεῖ
299 2809 530 2899 ἀποφέρουσιν
546 2806 567 2896 ἢ
585 2821 619 2879 εί
631 2837 679 2900 τῳ
697 2808 798 2901 ἄλλῳ.
843 2817 910 2879 ἔστι
928 2810 967 2878 δὲ·
983 2809 1110 2898 μακρός
1127 2823 1146 2876 4

152 2938 188 2980 τε
210 2910 229 2976 ό
254 2911 397 3007 χόνδρος
420 2913 477 2982 καὶ
502 2908 565 2999 ἤδη
589 2910 677 2990 τινὲς
701 2909 817 2979 αότῶν
840 2913 897 2979 καί
915 2909 1003 2999 ὑπὲρ
1020 2927 1111 3002 τρεῖς

154 3012 361 3098 δακτύλους,
391 3013 449 3080 καὶ
474 3011 626 3100 καθαρός
658 3009 770 3101 ὥσπερ
793 3011 1017 3101 κρύσταλλος·
1053 3011 1111 3080 κοιλ

152 3113 264 3203 τοότῳ
289 3116 345 3182 ἐπὶ
369 3128 444 3192 ταῖς
467 3121 606 3192 θυσίαις
623 3115 787 3202 χρῶνται,
814 3111 860 3193 ὥς
884 3114 1111 3204 καθαρωτέρῳ

114 3216 222 3282 εοτῶν
258 3211 325 3280 ἀπό
356 3212 531 3301 θαλάσσης
554 3211 665 3298 ἁλῶν,
692 3213 881 3300 Αἰγύπτιοί
901 3241 937 3284 τε
960 3217 1017 3283 καὶ
1040 3211 1113 3282 ὅσοι

153 3309 249 3382 ἄλλοι
265 3315 327 3383 τοῦ
345 3321 445 3383 θείου
464 3311 528 3382 οὐκ
541 3311 673 3400 όμελοῑς
688 3319 830 3400 ἔχουσιν.
852 3318 1002 3384 ἐνταῦθα
1017 3314 1110 3384 Ἀλέ-
1129 3325 1147 3378 ι

154 3414 363 3503 ξανδροςτόν
372 3441 408 3483 τε
417 3419 529 3502 χῶρον
542 3414 714 3502 ἐθαύμασε
723 3417 780 3484 καὶ
790 3419 836 3506 τῷ
844 3419 923 3506 ’θεῷ
935 3415 1111 3504 ἐχρήσατο·
