2632 3922
464 129 647 182 ΑαΑοΑΣιΣ
664 133 690 194 4,
703 132 750 182 ετ.
1031 131 1092 196 193

117 295 285 376 αἴρεσθαι
308 299 380 365 τοίς
406 280 521 364 ἄλλοις
543 283 672 365 Ἰνδοῖς
689 283 786 355 ὅπλα.
829 289 887 358 καί
912 291 1018 358 ταῦτα
1045 288 1128 370 οἱςε

121 389 313 474 ἐξηγγέλθη
335 385 559 477 Ἀλεξάνδρῳ,
585 387 785 475 περιστήσας
811 393 870 475 τῆς
895 389 1019 470 νυκτὸς
1044 393 1092 482 τῷ

122 487 268 578 γηλόφῳ
291 487 352 574 τήν
377 485 536 575 στρατιάν
556 489 669 558 πᾶσαν,
695 489 895 558 κατακόπτει
919 491 1002 570 τούς
1024 487 1092 560 Ἰν-

123 589 211 668 δούς
238 591 276 658 έν
301 589 393 678 μέσμ
420 582 616 674 άπολαβολν,
642 587 705 674 τήν
727 613 765 658 τε
780 589 881 658 πόλιν
899 595 991 680 αίρεί
1005 589 1091 660 κατά

92 689 262 778 οκράτος,
291 691 526 778 ἐρημωθεῖσαν
550 690 621 756 τῶν
639 691 917 778 προμαχομένων,
942 693 1001 770 καί
1027 690 1092 778 τήν

122 793 253 878 μητέρα
270 787 333 876 τήν
341 789 556 876 Ἄσσαιιήνου
574 789 632 856 καί
649 789 714 876 τήν,
729 796 834 861 παῖδα
854 797 982 878 ἔλαβεν.
1022 790 1091 860 άπ-

125 895 254 960 έθανου
281 890 319 960 δὲ
347 893 384 959 έν
415 889 458 978 τῇ
485 888 576 979 πάση
609 897 787 982 πολιορκίᾳ
812 895 882 961 τῶν
908 891 973 972 ξόν
995 890 1091 962 Ἀλε-

124 991 264 1083 ξάνόρῳ
290 993 325 1070 ἐς
341 991 450 1060 ,πέντε
475 993 534 1058 καὶ
559 999 694 1060 είκοσιν.

196 1091 322 1162 Ἔνθεν
349 1091 388 1160 δὲ
413 1099 543 1160 Κοῖνον
561 1089 623 1177 μὲν
642 1089 688 1170 σός
706 1093 762 1160 έπλ
779 1093 902 1182 Βάζιρα
921 1093 1126 1183 έκπέμπει,σ

84 1221 112 1262 ιο
127 1193 269 1281 γνώμην
293 1191 516 1280 ποιησάμενος
539 1188 590 1260 ὅτι
607 1191 781 1278 μαθόντες
804 1198 874 1262 τῶν
892 1195 1092 1280 Μασσάγων

126 1295 191 1380 τήν
215 1292 341 1362 ἅλωσιν
366 1291 554 1362 ἐνδώσουσι
578 1297 667 1379 σφᾶς
693 1292 830 1373 αὐτούς.
863 1292 1030 1364 ’Ἄτταλον
1054 1295 1092 1364 δὲ

128 1398 186 1463 καὶ
201 1391 434 1464 Ἀλκέτανκαλ
451 1391 646 1480 Δημήτριον
664 1391 725 1462 τόν
745 1395 916 1483 ἱππάρχην
941 1389 1093 1484 έπλὯρα

129 1497 270 1583 στέλλει,
288 1493 394 1582 άλλην
412 1493 523 1579 πόλιν,
542 1502 773 1580 παραγγείλας
791 1504 1016 1584 περιτειχίζειν
1030 1498 1092 1586 τήν

129 1595 229 1666 πόλιν
243 1591 313 1664 ἔστ’
327 1591 369 1664 ἂν
383 1595 544 1681 ἀφίκηται
559 1592 672 1674 αότός.
706 1597 764 1664 καὶ
778 1604 928 1687 γίγνεται
948 1599 1092 1688 ἐκδρομὴ
1110 1615 1127 1662 ο

90 1724 117 1765 1⁵
130 1699 200 1766 τῶν
226 1699 263 1764 ἐκ
289 1699 349 1782 τῆς
376 1695 504 1774 πόλεως
532 1695 587 1763 ἐπὶ
611 1695 694 1776 τούς
720 1695 808 1783 ἀμφὶ
831 1695 999 1766 Ἀλκέταν.
1051 1698 1092 1768 οὐ

130 1797 284 1885 χαλεπῶς
309 1797 347 1866 δὲ
370 1797 571 1884 τρεψάμενοι
594 1791 722 1874 αὐτούς
746 1802 782 1864 οί
798 1798 994 1878 Μακεδόνες
1013 1809 1094 1868 είσω

130 1903 193 1967 τοῦ
206 1905 339 1984 τείχους
354 1889 388 1976 ές
405 1898 468 1982 τήν
486 1895 584 1964 πόλιν
602 1893 863 1985 ἀποστρέφουσι.
902 1898 959 1966 καὶ
976 1906 1093 1992 Κοίνῳ

131 1998 171 2068 οό
191 2013 363 2086 προχωρεῖ
376 1998 418 2066 τά
436 2001 476 2066 ,ἐν
492 2009 563 2074 τοῖς
580 2003 745 2085 Βαζίροις,
768 1997 855 2066 άλλόι
880 1997 1094 2080 πιστεύοντες

132 2101 198 2187 γάρ
220 2101 282 2168 του
308 2105 436 2187 χωρίου
459 2103 500 2188 τή
524 2094 711 2186 ὀχυρότητι,
739 2095 789 2166 ὅτι
810 2097 1036 2186 όπεράυηλόν
1058 2126 1095 2169 τε

94 2191 174 2287 εοήν
199 2202 258 2269 καὶ
283 2200 393 2287 πάντη
418 2196 566 2288 άκριβῶς
590 2201 845 2286 τετειχισμένον,
878 2198 982 2268 οὐδὲν
1008 2200 1093 2288 ξυμ-

132 2300 270 2390 βατικὸν
297 2303 504 2370 ἐνεδίδοσαν.
539 2320 541 2324 ’

215 2404 330 2471 Ταῦτα
353 2401 475 2488 μαθων
490 2401 708 2492 Ἀλέξανδρος
735 2399 868 2490 ὅρμητο
891 2399 954 2488 μὲν
973 2397 1019 2480 οἷς
1039 2402 1129 2468 ἐπὶν

133 2503 268 2590 Βάζιρα·
296 2501 402 2588 γνοός
434 2502 472 2572 δὲ
503 2501 554 2572 ότι
579 2507 649 2572 τόν
675 2509 867 2592 προσοίκων
892 2499 982 2580 τινὲς
1008 2509 1095 2589 βαρ-

133 2604 249 2691 βάρων
275 2604 431 2690 παριέναι
464 2605 498 2682 ἐς
529 2603 569 2672 τά
583 2596 675 2693 Ὦρα
706 2603 768 2690 τήν
800 2602 900 2671 πόλιν
932 2602 1096 2682 λαθόντες

97 2729 122 2770 ω
134 2707 306 2791 μέλλουσι,
332 2699 417 2791 πρός
431 2701 609 2792 Ἀβισάρου
628 2705 683 2773 ἐπὶ
700 2706 787 2796 τῷδε
807 2703 1012 2790 ἐσταλμένοι,
1040 2705 1097 2771 ἐπὶ

135 2794 269 2889 τάὯρα
283 2806 419 2890 πρῶτον
434 2794 510 2890 ήγε·
538 2813 666 2874 Κοίνου
684 2804 722 2874 δὲ
741 2807 933 2892 ἐπιτειχίσαι
945 2807 987 2892 τή
1003 2791 1098 2872 πόλει

135 2907 203 2972 τῶν
220 2909 373 2991 Βαζίρων
389 2903 552 2993 καρτερόν
569 2931 601 2973 τι
623 2911 747 2994 χωρίον
764 2905 959 2994 προσέταξε,
982 2906 1040 2974 καὶ
1060 2906 1097 2972 έν

134 3003 243 3096 τούτῳ
276 3005 434 3090 φυλακήν
465 3007 692 3075 καταλιπόντα
724 3006 941 3096 ἀποχρῶσαν,
974 3004 1020 3085 ως
1051 3004 1096 3093 μή

136 3103 229 3174 άὸεια
248 3116 300 3193 είη
319 3120 388 3186 τοῖς
408 3108 444 3174 έν
462 3109 505 3194 τή
524 3107 619 3176 πόλει
635 3113 782 3197 χρῆσθαι
798 3107 965 3196 τήχάρμ,
990 3104 1099 3176 αὐτὸν

101 3233 125 3274 ιο
137 3203 261 3292 άγοντα
287 3209 346 3294 τής
372 3209 529 3299 στρατιάς
550 3207 612 3294 τήν
636 3206 757 3296 λοιπήν
774 3207 855 3297 παρ’
875 3206 982 3276 αὑτὸν
1001 3208 1096 3278 ίέναι.

136 3313 171 3376 οί
200 3308 239 3377 σε
267 3311 398 3376 ἐκτῶν
424 3313 575 3398 Βαζίρων
602 3307 647 3389 τός
674 3307 767 3378 εἶδον
794 3307 936 3377 άπιόατα
963 3309 1026 3388 ξῦν
1049 3313 1132 3400 πρῖε

137 3414 281 3500 πλείστῳ
298 3413 358 3496 τῆς
377 3416 534 3500 στρατιάς
552 3410 764 3499 τόνΚοϊνον,
782 3408 1098 3516 καταφρονήσαντες

154 3563 158 3567 ,
185 3527 313 3570 Amanus.
862 3524 894 3572 13
