2632 3922
198 143 264 208 248
553 139 804 202 ειοειαεεοτ

167 300 375 390 σγευόμευοι
402 302 458 370 ἐπὶ
484 303 572 370 πολὺ
598 297 837 388 ἐφωμάρτουν·
873 301 906 381 ἐς
924 297 1025 381 ὅσους
1043 299 1084 369 δέ
1101 301 1179 369 τῶν
1270 391 1271 398 ¹

199 400 266 488 ήδη
280 397 490 494 Ἀλεξάνδρῳ
509 401 836 490 προσκεχωρηκότων
845 397 967 470 Ἰνδῶν
984 398 1005 488 ή
1021 398 1086 488 βοή
1099 403 1177 470 τῶν
1270 487 1271 490 ¹

202 504 325 588 ἐρετῶν
350 499 373 588 ἢ
399 501 418 572 ό
444 502 572 582 κτόπος
596 505 656 588 τῆς
674 505 819 590 είρεσίας
839 503 974 590 ἐξίκετο,
999 501 1055 568 καὶ
1074 491 1176 570 οῦτοι
1270 593 1271 596 ¹

201 603 256 671 ἐπὶ
274 601 350 688 τήν
368 599 500 690 ὄχθην
518 604 680 671 κατέθεον
698 601 755 669 καὶ
772 602 970 682 ξυνείποντο
984 601 1175 691 ἐπᾴδοντες

199 707 423 790 βαρβαρικῶς.
464 703 607 796 φιλῳδοὶ
625 702 710 790 γάρ,
737 711 833 790 είπερ
849 701 938 781 τινές
956 699 1052 770 ὄλλοι
1066 696 1206 771 Ἰνδοὶε

200 803 258 870 καὶ
285 802 527 890 φιλορχήμονες
554 799 621 884 άπὸ
641 801 817 872 Διονῦσου
847 807 894 872 ἔτι
919 803 977 870 καὶ
1002 807 1071 870 τῶν
1099 799 1175 888 ἅμα

203 902 363 994 Διονύσῳ
388 902 649 990 βακχευσάντων
674 901 759 970 κακοὶ
784 901 848 989 τήν
872 897 989 972 Ἰνδῶν
1015 905 1089 989 γήν.
1277 893 1280 952 ’δ

163 1022 187 1086 4
281 999 381 1072 Οὕτω
407 1001 449 1090 δή
476 1005 588 1071 πλέων
614 1008 711 1092 τρίτη
729 994 839 1091 ήμέρρι
866 1003 1025 1089 κατέσχεν
1044 1006 1172 1090 ἵναπερ

198 1102 423 1192 Ἡφαιστίωνί
446 1129 480 1172 τε
497 1103 554 1170 καί
573 1103 737 1194 Κρατέρῳ
763 1102 847 1172 κατά
865 1101 903 1170 τό
921 1099 1006 1171 αῦτό
1026 1122 1169 1192 στρατο-
1282 1118 1283 1172 λ

202 1199 357 1272 πεδεόειν
391 1201 446 1270 ἐπὶ
476 1217 549 1283 ταῖς
581 1199 762 1292 άντιπέρας
794 1201 913 1289 ὄχθαις
944 1201 1170 1291 παρήγγελτο.
1187 1231 1217 1271 το

200 1311 319 1392 μείνας
345 1301 383 1372 δὲ
411 1306 562 1372 ἐνταῦθα
586 1301 711 1392 ήμέρας
738 1301 814 1390 δῦο,
842 1299 887 1382 ῶς
912 1302 969 1371 καὶ
997 1309 1170 1382 Φίλιππος
1285 1338 1286 1360 ι

201 1403 297 1495 αὐτῷ
322 1401 386 1485 ξῦν
411 1409 452 1491 τῇ
479 1409 580 1491 λοιπή
606 1405 743 1494 στρατιᾷ
769 1401 930 1490 ἄφίκετο,
955 1404 1078 1486 τοῦτον
1102 1401 1170 1490 μὲν
1286 1410 1288 1494 s

203 1506 258 1572 ἐπὶ
281 1502 341 1570 τόν
362 1498 535 1589 Ἀκεσίνην
559 1501 710 1590 ποταμόν
734 1503 892 1590 ἐκπέμπει
915 1501 978 1584 ξῦν
1002 1497 1053 1583 οἷς
1081 1508 1170 1590 ἔχων

201 1597 272 1690 ήκε,
298 1602 399 1682 τάξας
425 1603 516 1690 παρὰ
533 1608 596 1671 τοῦ
610 1601 786 1672 Ἀκεσίνου
808 1608 961 1692 ποταμοῦ
978 1601 1041 1690 τήν
1058 1601 1169 1690 ὄχθην

202 1701 423 1790 πορεύεσθαι·
456 1701 538 1784 τοῦς
561 1702 599 1772 δὲ
616 1701 703 1792 ἀμφὶ
721 1701 897 1792 Κράτερόυ
920 1729 956 1772 τε
973 1704 1030 1771 καὶ
1043 1697 1165 1791 Ἡφαι-
1182 1732 1216 1774 ιτ

202 1811 329 1873 στίωνα
352 1797 453 1884 αὖθις
481 1805 651 1893 ἐκπέμπει,
669 1811 895 1893 παραγγείλας
913 1799 1006 1884 ὅπως
1023 1803 1086 1893 χρή
1102 1802 1168 1891 τήν
1196 1817 1198 1821 ‘

167 1935 184 1982 ς
203 1912 344 1994 πορείαν
355 1914 532 1975 ποιείσθω.
551 1903 656 1986 αῦτός
670 1902 708 1972 δέ
721 1908 813 1972 έπλει
826 1902 909 1973 κατά
923 1903 1169 1992 τδνἻδάσπην

201 2005 374 2094 ποταμόν,
405 2004 559 2094 οὐδαμοῦ
592 2011 709 2093 μείονα
737 2007 774 2074 ἐν
799 2007 847 2097 τῶ
873 2003 1032 2097 κατάπλῳ
1062 2013 1169 2074 είκοσι

202 2110 353 2174 σταδίων
378 2105 417 2172 τὸ
444 2097 552 2192 εῦρος.
589 2104 888 2195 προσορμιζόμενος
914 2103 953 2173 δδ
979 2103 1046 2193 ὄπη
1071 2103 1181 2192 τῦχοι

201 2220 277 2283 ταῖς
304 2203 421 2292 ὄχθαις
446 2207 526 2284 τοῦς
544 2206 806 2294 προσοικοῦντας
823 2211 870 2296 τῷ
883 2202 1032 2294 Ὑδάσπῃ
1048 2202 1167 2275 Ἰνδῶν
1180 2235 1214 2277 το

202 2304 284 2384 τοῦς
297 2305 360 2392 μέν
373 2303 567 2384 ἐνδιδόντας
577 2307 666 2392 σφᾶς
681 2303 873 2392 ὁμολογίαις
891 2304 1166 2394 παρελάμβανεν

203 2405 268 2493 ήδη
296 2405 338 2473 δέ
360 2431 452 2485 τινας
478 2406 535 2473 καὶ
563 2407 595 2484 ἐς
613 2403 721 2493 άλκήν
746 2405 963 2495 χωρήσαντας
989 2413 1050 2496 βίᾳ
1067 2431 1165 2474 κατε-

169 2507 381 2594 εστρέψατο.
426 2500 530 2586 αῦτδς
556 2505 595 2574 δέ
621 2504 667 2586 ῶς
695 2498 751 2574 ἐπί
777 2503 842 2594 τήν
869 2510 1023 2576 Μαλλῶν
1048 2533 1084 2576 τε
1109 2506 1169 2574 καὶ

198 2603 413 2695 Ὀξυδρακῶν
439 2610 503 2694 γῆν
530 2611 664 2696 σπουδῇ
696 2610 807 2693 ἐπλει,
842 2612 1021 2686 πλείστους
1046 2631 1083 2676 τε
1108 2608 1168 2676 καὶ

200 2705 454 2795 μαχιμωτάτους
479 2710 546 2775 τῶν
563 2705 670 2797 ταῦτη
686 2703 804 2775 Ἰνδῶν
831 2707 1091 2796 πυνθανόμενος
1108 2708 1166 2776 καὶ
1181 2736 1214 2779 τε

201 2805 253 2876 ὄτι
287 2808 524 2894 ἐξηγγέλλοντο
552 2805 647 2898 αὐτῷ
675 2810 799 2887 παῖδας
829 2806 892 2894 μὲν
918 2809 975 2876 καὶ
1001 2821 1168 2898 γυναῖκας

198 2905 486 2976 ῦπεκτεθεϊσθαι
522 2911 556 2987 ές
590 2906 650 2988 τάς
683 2903 896 2996 ὀχυρωτάτας
927 2911 996 2976 τῶν
1022 2899 1173 2995 πόλεων,

200 3006 299 3077 αῦτοὶ
326 3007 365 3077 δὲ
393 3009 575 3094 ἐγνωκέναι
601 3005 656 3075 διά
681 3006 790 3094 μάχης
825 3009 910 3076 ίέναι
936 3006 1022 3096 πρός
1048 3005 1166 3077 αῦτόν.

200 3102 258 3195 ἐφ’
278 3106 346 3198 ὄτςο
368 3105 485 3193 δήκαὶ
504 3109 637 3195 σπουδῇ
657 3113 789 3175 πλείονι
808 3107 949 3178 ἐποιεῖτο
965 3108 1025 3176 τὸν
1042 3114 1167 3197 πλοῦν,

198 3206 290 3287 ὄπως
316 3207 361 3295 μή
390 3204 633 3294 καθεστηκόσιν
659 3203 788 3294 αὐτοῖς,
814 3205 899 3276 άλλδι
926 3209 963 3276 ἐν
984 3212 1031 3300 τῷ
1059 3211 1212 3280 ἐνδεετοο

196 3333 234 3376 τε
249 3312 296 3376 ἔτι
309 3309 366 3393 τῆς
382 3312 596 3397 παρασκευῆς
609 3308 666 3376 καί
676 3308 912 3398 τεταραγμένῳ
925 3307 1165 3398 προσφέρηται.

160 3427 181 3477 4
199 3412 302 3480 ἔνθεν
326 3405 364 3480 δέ
385 3403 525 3504 άρμήθη
544 3407 582 3477 τό
603 3406 775 3497 δεύτερον,
801 3406 858 3476 καὶ
876 3407 1009 3496 πέμπτη
1027 3406 1172 3496 ἄφίκετο
