2572 3920
155 145 160 152 “
198 160 244 227 64
555 154 806 217 ιιεΞινΔεον

199 300 303 383 αύτός
324 328 362 371 τε
384 299 405 371 ό
427 307 463 371 τί
482 325 545 392 περ
570 299 707 388 ήδιστον
728 292 773 387 ήν
796 298 980 386 δοξασθέν,
1012 299 1045 380 ἐς
1062 303 1165 368 τοῦτο

200 399 264 473 ούκ
287 400 455 483 ἀκουσίως
482 395 622 490 ἀπήχθη
646 401 703 469 καὶ
730 397 798 470 ύιιό
829 406 900 470 τῶν
926 397 1007 469 καθ’
1034 396 1164 487 ήδονήν
1268 433 1269 446 ¹

201 501 374 585 ξυνόντων
405 529 441 571 τε
470 503 529 571 καὶ
558 502 790 590 ξυνεσομένων
820 502 875 569 ἐπὶ
900 505 994 592 κακῷ
1016 515 1087 580 τοῖς
1110 497 1164 569 ἀεὶ
1268 450 1270 568 δ

201 603 439 692 βασιλεύουσιν
463 602 679 691 ἐπαιρόμενος
703 608 790 688 ἔγνω
812 602 926 690 μηκέτι
944 599 1164 690 Ἀλέξανδρον
1270 638 1271 700 η

166 705 333 778 οέθέλειν
368 706 532 794 προϊέναι’
556 709 618 772 τού
655 702 786 793 πρόσω·
838 699 914 771 ἀλλ’
952 697 1067 771 ὀκνεῖν
1096 700 1163 790 γάρ
1189 727 1203 769 ε
1270 705 1271 734 ³

201 803 463 892 πυνθανόμενον
486 804 537 874 ότι
561 801 664 884 αύτδς
690 801 868 893 προσάγοι·
920 801 1164 890 καταπατήσειν
1271 826 1272 892 η

201 934 237 976 τε
265 912 309 996 τῇ
340 910 431 996 ἵππω
462 911 532 975 τῶν
559 903 769 974 Μακεδόνων
797 902 859 990 τήν
882 903 1040 992 στρατιάν
1063 902 1164 983 ἀλλος

166 1028 185 1078 ο
203 1005 350 1076 άλλοθεν
360 1004 454 1099 αὐτῷ
469 1003 662 1096 ἐπαίροντες
677 1011 808 1091 ἔλεγον·
826 1011 935 1073 καίτοι
947 1031 987 1092 γε
1000 997 1164 1093 Ἀμύντας
1272 1047 1273 1074 ι

201 1105 293 1194 ἥξειν
318 1132 355 1175 τε
376 1104 597 1196 Ἀλέξανδρον
624 1111 807 1194 ίσχυρίςετο
833 1100 919 1174 ὅπου
942 1101 985 1174 ἀν
1015 1105 1166 1192 πύθηται

203 1220 351 1298 Δαρεῖον
364 1205 458 1294 όντα,
477 1208 534 1275 καὶ
551 1203 657 1276 αύτυύ
672 1207 871 1295 προσμένειν
888 1201 1051 1276 ἐκέλευεν.
1078 1203 1163 1275 άλλά
1177 1229 1203 1271 10
1273 1202 1274 1220 ²

202 1307 243 1376 τά
274 1315 377 1402 χείρω
402 1313 547 1396 μᾶλλον,
579 1306 631 1376 ότι
654 1308 710 1376 καί
734 1304 774 1376 έν
794 1311 841 1398 τῷ
864 1313 1054 1395 παραυτίκα
1076 1305 1164 1394 ήδίω
1274 1395 1275 1398 ¹

202 1406 346 1477 ἀκούσαι
373 1401 436 1496 ήν,
470 1413 599 1478 ἔπειθε·
642 1416 702 1476 καί
728 1435 760 1476 τι
782 1407 840 1475 καὶ
862 1406 1036 1495 δαιμόνιον
1059 1405 1164 1494 τυχόν
1274 1423 1275 1426 ’

117 1563 119 1576 ι
200 1501 284 1596 ήγεν
308 1505 413 1578 αύτδν
436 1515 484 1590 είς
508 1506 640 1578 ἐκεῖνον
663 1507 724 1578 τόν
747 1512 860 1596 χῶρον
884 1501 927 1577 ού
949 1507 1031 1596 μήτε
1049 1505 1087 1578 έκ
1103 1513 1163 1595 τῆς

201 1614 308 1678 ἵππου
338 1607 446 1696 πολλή
471 1605 615 1697 ἀφέλεια
639 1605 733 1701 αύτῷ
757 1605 905 1695 ἐγένετο,
935 1608 1018 1696 μήτε
1042 1607 1079 1680 ἐκ
1101 1611 1162 1677 τοῦ

202 1708 356 1796 πλήθους
370 1707 477 1779 αύτού
489 1715 558 1779 τῶν
574 1737 610 1780 τε
627 1707 822 1800 ἀνθρώπων
838 1709 895 1777 καί
912 1715 980 1778 τοῖν
998 1706 1163 1779 ἀκοντίων
1176 1735 1201 1778 15

201 1836 239 1878 τε
255 1810 312 1878 καὶ
324 1810 548 1899 τοξευμάτων,
566 1809 652 1899 μηδὲ
667 1807 730 1898 τήν
747 1809 962 1900 λαμπρότητα
980 1807 1088 1897 αύτήν
1104 1815 1162 1897 τῆς

202 1917 356 1999 στρατιάς
375 1909 535 1994 ἐπιδείξαι
547 1908 716 1999 ήδυνήθη,
735 1909 819 1980 άλλά
834 1908 1040 2004 Ἀλεξάνδρςο
1058 1912 1163 1979 τεκαὶ

201 2026 271 2092 τοῖς
301 2010 387 2101 ἀμφ’
419 2010 525 2082 αὐτόν
554 2010 710 2102 εὐμαρῶς
739 2008 801 2098 τήν
830 2018 929 2098 νίκην
957 2012 1162 2102 παρέδωκεν.

167 2127 185 2178 ⁶1
203 2106 305 2200 έχρήυ
326 2112 392 2202 γάρ
414 2111 480 2201 ήδη
503 2113 560 2180 καί
578 2114 713 2203 Πέρσας
730 2111 813 2202 πρός
831 2110 1043 2182 Μακεδόνων
1060 2109 1163 2200 ἀφαι-

202 2219 345 2302 ρεθῆναι
361 2218 419 2300 τῆς
434 2211 547 2293 Ἀσίας
563 2211 626 2301 τήν
643 2209 767 2302 ἀρχήν,
792 2211 946 2303 καθάπερ
963 2206 1029 2283 οὖν
1046 2218 1162 2301 Μήδοι
1174 2239 1201 2281 ιο

201 2311 266 2402 μὲν
282 2312 367 2404 πρός
384 2319 528 2402 Περσῶν
546 2312 786 2405 ἀφῃρέθησαν,
804 2312 888 2405 πρός
905 2313 1039 2402 Μήδων
1056 2317 1098 2403 δή
1116 2320 1164 2384 ἔτι

203 2421 396 2503 ἔμπροσθεν
409 2411 584 2505 Ἀσσύριοι.

160 2526 179 2591 7
275 2510 492 2604 ‘Tmossaffiv
517 2515 560 2604 δή
584 2515 622 2586 τό
658 2515 736 2606 όρος
759 2529 904 2606 Δαρεῖος
929 2514 967 2586 ιδ
993 2516 1077 2586 κατά
1103 2517 1163 2598 τάς

203 2614 311 2698 πύλας
347 2614 407 2698 τάς
442 2615 619 2703 Ἀμανικὰς
655 2617 864 2705 καλουμένας
894 2611 939 2697 ἀς
970 2613 1028 2686 ἐπὶ
1054 2614 1163 2687 Ἰσσόν

202 2725 344 2805 προῆγε·
387 2718 443 2785 καὶ
467 2712 599 2804 ἐγένετο
622 2715 763 2786 κατόπιν
789 2712 1007 2808 Ἀλεξάνδρου
1035 2717 1161 2786 λαθύν.
1175 2744 1201 2784 ει

202 2815 265 2904 τήν
279 2820 317 2888 δὲ
331 2815 442 2887 Ἰσσόν
454 2814 642 2906 κατασχόν,
661 2816 763 2897 ὅσους
777 2817 831 2886 διά
844 2815 947 2886 νόσον
963 2816 1163 2906 ἀπολελειμ-

203 2919 326 3006 μένους
353 2916 461 2989 αύτού
484 2923 554 2987 τάν
573 2918 990 3006 -Μακεδόνωνκατίλαβε,
1022 2916 1164 3001 τούτους

203 3022 355 3106 χαλεποῖς
379 3018 591 3107 αἰκισάμενος
615 3013 823 3086 ἀπέκτεινεν·
863 3016 898 3098 ἐς
923 3017 961 3088 δὲ
983 3017 1045 3107 τήν
1062 3017 1163 3089 ύστε-

203 3125 304 3206 ραίαν
332 3117 521 3207 προύγιόρει
551 3113 607 3187 ε’πὶ
636 3116 697 3186 τόν
727 3117 877 3207 ποταμόν
907 3117 969 3188 τόν
999 3127 1162 3208 Πίναρον.

169 3220 259 3286 ικαὶ
280 3217 496 3308 Ἀλέξανδρος
521 3216 566 3298 ὥς
583 3216 730 3305 ήκουσεν
754 3213 793 3288 ἓν
816 3225 863 3312 τῷ
888 3217 1032 3289 ὄπισθεν
1056 3219 1162 3290 αὑτοῦ
1175 3249 1200 3289 ιι

202 3317 283 3388 όντα
296 3333 457 3409 Δαρεῖον,
475 3316 547 3388 ἐπεὶ
561 3316 601 3388 ού
615 3319 730 3400 πιστός
743 3314 837 3413 αύτῷ
850 3314 868 3389 ό
884 3320 982 3408 λόγος
995 3318 1171 3410 ἐφαίνετό,Ι

203 3417 405 3510 ἀναβιβάσας
424 3425 471 3501 είς
488 3419 723 3512 τριακόντορον
735 3427 804 3490 τῶν
818 3422 960 3512 ἑταίρων
972 3421 1064 3503 τινάς
1077 3421 1163 3492 ἀπο-
