2546 3920
440 113 625 228 ααιειειέ
645 177 670 239 ε,
689 177 732 228 ει.
823 229 828 241 ,
1004 173 1068 238 283

103 336 309 420 Γαδρωσίων
335 319 449 418 άρχειν
469 331 583 420 έδόθη,
603 337 807 420 Καρμανίαν
825 329 864 400 δὲ
883 337 957 418 ἔσχε
979 340 1068 419 Τλη-

101 433 244 519 πόλεμος
277 430 295 498 δ
325 430 569 518 Πυθοφάνους.
613 431 678 520 ἤδη
710 459 746 501 τε
781 431 836 501 έπί
869 438 1101 520 Καρμανίαςτ

101 529 322 655 προάχάρειὸ
340 531 498 619 βασιλεάς
512 532 569 600 καὶ
582 531 777 650 ἀγγέλλεται
790 528 883 624 αὐτῷ
899 539 1068 602 Φίλιππον

100 631 162 702 τὸν
188 632 362 721 σατράπην
387 637 446 720 τῆς
460 629 579 702 Ἰνδῶν
600 635 662 720 γῆς
681 601 966 719 ἐπιβουλευθέντα
984 635 1074 722 πρὸς

62 761 76 801 ε
102 736 171 802 τάν
184 733 406 822 μισθοφόρων
423 732 513 825 δόλῳ
534 731 736 820 ἀποθανεῖν,
758 759 840 834 τους
860 731 929 802 δὲ’
910 740 1065 803 αποκτεί-

101 861 225 914 ναντας
258 832 309 900 ὅτι
344 839 380 902 οί
411 801 694 922 σωματοφύλακες
731 835 793 903 τοῦ
826 841 998 904 Φιλίππου
1035 839 1072 904 οί

101 931 301 1012 Μακεδόνες
320 931 401 1013 τούς
421 933 484 1022 μὲν
505 937 541 1003 έν
561 931 655 1027 αὐτῷ
675 938 722 1028 τῷ
743 941 843 1056 ἔργω,
862 934 949 1015 τούς
958 935 996 1004 δὲ
1012 936 1068 1005 καλ
1190 1015 1192 1018 ,

80 1033 243 1121 ὕστερον
263 1019 474 1120 ’λαβόντες’
455 1037 665 1104 απέκτειναν.
711 1041 819 1105 ταῦτα
840 1033 926 1105 δὲ“
901 1063 947 1116 ως
968 1040 1070 1123 ἔγνω,

102 1137 262 1222 ἐκπέμπει
278 1132 458 1223 γράμματα
476 1138 509 1216 ἐς
524 1133 655 1216 Ἰνδοάς
672 1134 764 1225 παρά
783 1134 947 1224 Εὕδημόν
963 1135 1070 1206 τεκαὶ

63 1265 88 1306 ιο
108 1237 252 1322 Ταξίλην
279 1237 509 1323 ἐπιμελείσθω
533 1241 592 1322 τῆς
618 1235 727 1324 χώρας
750 1241 809 1324 τῆς
827 1236 980 1325 πρόσθεν
997 1233 1068 1306 ἀπὸ
1140 1315 1144 1323 ¹

103 1343 260 1429 Φιλίππῳ
268 1337 470 1425 τεταγμένης
480 1333 606 1406 ἔστ’ἀυ
615 1335 720 1417 αάτδς
731 1337 906 1428 σατράπην
915 1338 1068 1426 ἐκπέμψῃ

101 1434 155 1505 ἐπ’
184 1432 299 1523 αὐτῆς.
336 1505 337 1508 ,

169 1535 256 1625 Ἤδη
271 1535 303 1605 δ’
322 1541 354 1618 ἐς
368 1542 570 1626 Καρμανίαν
583 1536 724 1626 ἥκοντος
734 1535 957 1626 Ἀλεξάνδρου
973 1536 1069 1627 Κρά-

101 1664 195 1726 τερος
221 1634 429 1726 ἀφικνεῖται,
461 1636 524 1724 τήν
555 1665 591 1706 τε
617 1637 724 1726 ἀλλην
751 1637 909 1728 στρατιάν
941 1637 1011 1727 άμα
1037 1635 1104 1714 οἷο

64 1770 90 1814 ιε
104 1737 197 1826 άγων
222 1739 280 1807 καλ
305 1735 385 1818 τούς
413 1738 598 1826 ἐλέφαντας
614 1741 682 1830 ,καὶ
702 1734 870 1828 Ὀρδάνην
894 1737 957 1808 τόν
983 1737 1071 1808 ἀπο-

102 1839 225 1908 στάντα
251 1839 308 1908 καί
334 1847 576 1929 νεωτερίσαντα
602 1839 823 1928 συνειληφώς.
846 1842 1015 1908 -ένταῦθα
1032 1839 1071 1909 δὲ

104 1938 293 2029 Στασάνωρ
320 1966 356 2008 τε
382 1934 559 2028 δἈρείων
575 1941 633 2008 καὶ
651 1937 670 2007 ὁ
690 1939 879 2029 Ζαράγγων
899 1940 1070 2028 σατράπης

101 2033 161 2128 ἧκε
178 2042 234 2109 καὶ
253 2039 315 2123 ξάν
335 2037 450 2122 αάτοίς
470 2039 686 2128 Φαρισμάνης
705 2039 723 2110 ὁ
744 2043 988 2164 Φραταφέρνου
1009 2045 1070 2109 τοῦ

103 2148 318 2232 Παρθυαίων
343 2142 399 2209 καὶ
412 2139 598 2230 Ῥρκανίων
617 2138 790 2230 σατράπου
808 2155 898 2222 παῖς.
933 2131 1016 2229 ἧκον
1034 2141 1072 2210 δε

63 2279 90 2320 20
103 2242 160 2311 καὶ
186 2247 224 2311 οί
238 2242 417 2331 στρατηγοὶ
436 2270 454 2312 ο
456 2240 791 2329 ίάπολειφθεντες”
769 2271 837 2330 αμα
855 2248 1073 2331 Παρμενίωνι

104 2333 170 2412 έπι
184 2348 241 2432 τῆς
267 2346 422 2434 στρατιάς
447 2349 506 2432 τῆς
533 2346 571 2413 έν
588 2348 722 2466 Μηδία,
740 2343 936 2432 Κλέανδρός
961 2345 1071 2412 τεκαὶ

104 2444 269 2534 Σιτάλκης
303 2447 359 2514 και
383 2439 553 2564 ῌράκων,
586 2471 649 2531 την
676 2443 815 2532 πολλὴν
830 2471 889 2532 της
916 2449 1071 2533 στρατιάς

103 2546 160 2612 καὶ
178 2539 271 2614 οὗτοι
287 2545 435 2632 άγοντες.
475 2542 556 2625 τοάς
574 2544 636 2632 μὲν
654 2544 696 2633 δη
714 2540 801 2634 ἀμφὶ
820 2538 1019 2666 Κλέανδρόν
1036 2571 1072 2614 τε

104 2647 161 2714 καὶ
190 2645 359 2734 Σιτάλκην
393 2645 499 2716 πολλά
528 2644 776 2716 ἐπικαλούντων
800 2642 916 2726 αάτοίς
942 2649 1011 2740 τάν
1037 2663 1107 2722 ’τες

65 2780 93 2822 2⁵
109 2748 280 2834 ἐγχωρίων
305 2747 362 2815 καὶ
387 2753 445 2834 τῆς
463 2751 617 2836 στρατιάς
635 2743 752 2836 αὐτῆς,
780 2740 826 2828 άς
847 2747 919 2836 ίερά
935 2773 971 2816 τε
989 2744 1072 2834 πρὸς

106 2845 222 2915 αὐτῶν
248 2848 458 2935 σεσυλημένα
484 2849 540 2916 καλ
565 2847 674 2934 θήκας
692 2848 836 2929 παλαιάς
853 2848 1072 2934 κεκινημένας

106 2947 163 3016 καὶ
181 2945 266 3015 ἀλλα
291 2945 388 3016 άδικα
406 2953 487 3034 ἔργα
507 2950 539 3028 ἐς
557 2947 637 3029 τούς
654 2949 829 3037 δπηκόονς
846 2948 1072 3035 τετολμημένα

105 3049 162 3116 καὶ
176 3045 363 3135 ἀτάσθαλα,
376 3054 481 3117 ταῦτα
495 3048 539 3129 ἀς
555 3051 802 3139 ἐξηλέγχθη,
816 3048 897 3130 τούς
910 3048 973 3138 μὲν
986 3044 1072 3117 ἀπέ-

106 3175 246 3237 κτεινεν,
265 3146 310 3229 ἀς
327 3149 384 3218 καὶ
401 3163 471 3230 τοϊς
489 3147 603 3229 ἀλλοις
620 3150 696 3231 δέος
714 3149 801 3220 εἶναι
818 3149 891 3220 ὅσοι
908 3149 1073 3239 σατράπαι

67 3246 128 3339 ρῆ
146 3245 290 3340 ὕπαρχοι
307 3245 328 3339 ἢ
345 3250 508 3340 νομάρχαι
532 3249 782 3339 ἀπολείποιντο,
802 3250 843 3320 τά
859 3261 915 3320 ίσα
935 3252 1072 3331 ἐκείνοις

107 3355 379 3441 πλημμελοῦντας
393 3358 585 3422 πείσεσθαι·
611 3349 684 3441 (καὶ
697 3353 809 3439 τοάτο,
828 3363 921 3442 είπερ
934 3379 964 3420 τι
978 3349 1072 3438 άλλο,

107 3455 264 3542 κατέσχεν
283 3456 319 3524 ἐν
337 3452 451 3547 κόσμῳ
465 3451 505 3522 τά
521 3459 605 3541 ἔθνη
622 3452 663 3522 τά
679 3455 711 3534 έξ
723 3450 943 3542 Ἀλεξάνδρον
957 3451 1072 3550 δρριά-
1091 3483 1107 3532 5
