2620 3924
470 150 654 202 ΑΝΑΒΑΣῙΣ
669 154 696 214 “3,
715 153 740 204 9.
1025 151 1081 214 lll

124 287 202 376 λῶς]
229 289 356 375 ἐδόκει,
386 288 461 358 τότε
489 289 552 376 μὲν
576 289 683 358 αύτού
710 292 1121 379 καταστρατοπεδεύειυ,4

124 391 400 469 κατασκέψασθαι
417 389 456 458 δὲ
472 389 533 459 τόν
551 417 587 460 τε
604 395 716 478 χῶρον
734 392 929 479 ξύμπαντα,
947 400 979 461 εί
995 393 1037 479 δή
1055 419 1086 460 τι

123 488 279 560 ύποπτον
302 488 409 558 αύτού
435 486 456 576 ἣ
480 489 629 580 ἀπορον,
653 487 674 578 ἢ
698 499 730 560 εί
746 489 905 579 τάφροιῆ
924 493 1086 572 σκόλοπες

124 591 395 678 καταπεπηγότες
418 590 580 678 ἀφανεῖς,
604 593 662 662 καὶ
685 592 746 672 τάς
764 592 871 673 τάξεις
893 595 963 661 τῶν
984 602 1086 662 πολε-

97 715 111 756 ι
123 700 211 779 μίων
236 689 471 780 ἀκριβέστερον
494 697 652 762 κατιδεῖν.
695 694 753 761 καὶ
778 697 855 784 νικᾷ
882 702 1086 782 Παρμενίων

123 797 164 881 τῇ
184 793 324 880 γνῶμη,
349 793 406 864 καὶ
430 793 843 881 καταστρατοπεδεύουσιν
867 793 975 863 αύτοῦ
994 793 1086 874 ὅπως

123 895 318 985 τεταγμένοι
339 899 477 981 ἔμελλον
497 895 583 964 ι’έναι
603 897 635 974 ἐς
652 895 714 982 τὴν
731 895 851 983 μάχην.

196 992 417 1084 Ἀλέξανδρος
434 996 485 1079 δέ,
507 993 689 1083 ἀναλαβῶν
706 995 787 1076 τούς
805 993 926 1076 ψιλούς
943 998 1000 1064 καὶ
1017 999 1085 1064 τῶν
1103 1013 1120 1062 5

128 1096 259 1162 ίππέων
284 1095 365 1174 τούς
391 1097 564 1184 ἑταίρους,
593 1096 723 1186 περιῄει
750 1101 786 1166 ἐν
809 1096 927 1188 κύκλῳ
950 1101 1086 1165 σκοπῶν

85 1219 112 1259 ιο
124 1195 187 1280 τὴν
205 1195 320 1284 χάραν
339 1200 452 1264 πᾶσαν
470 1200 528 1266 ἵνα
545 1194 583 1264 τό
605 1203 704 1284 ἔργον
723 1196 817 1287 αύτῷ
837 1203 971 1266 ἔσεσθαι
990 1204 1086 1284 ἐμελ-

124 1303 190 1364 λεν.
226 1297 424 1366 ἐπανελθῶν
442 1296 481 1366 δὲ
498 1299 556 1366 καλ
574 1298 781 1382 ξυγκαλέσας
799 1289 900 1376 αὖθις
922 1296 1003 1377 τούς
1021 1298 1087 1366 αύ-

123 1396 205 1476 τούς
219 1395 398 1484 ἡγεμόνας,
416 1395 544 1476 αύτούς
557 1397 621 1484 μὲν
635 1396 698 1466 ούκ
717 1404 780 1485 ἔφη
795 1401 914 1487 χρῆναι
932 1423 1087 1487 παρακα-

125 1505 258 1566 λεῖσθαι
275 1497 359 1586 πρὸς
377 1488 418 1588 οὗ
439 1501 472 1578 ἐς
489 1497 550 1566 τόν
572 1496 704 1584 ἀγῶνα·
732 1499 836 1566 πύλαι
853 1499 919 1587 γάρ
937 1498 1024 1568 εἶναι
1041 1499 1084 1568 δι’

126 1597 250 1685 ἀρετήν
266 1625 303 1668 τε
318 1599 380 1686 τὴν
398 1603 497 1686 σφῶν
515 1601 831 1688 παρακεκλημένους
856 1602 913 1668 καὶ
930 1599 999 1668 ύπό
1017 1603 1087 1667 τῶν
1203 1675 1210 1699 ¹

86 1720 112 1759 1⁵
126 1699 284 1778 πολλάκις
308 1697 371 1787 ἤδη
395 1703 509 1768 καλῶν
535 1705 644 1788 ἔργων
667 1699 966 1788 ἀποδεδειγμένων.
1006 1701 1086 1779 τούς
1105 1717 1121 1764 6

124 1800 209 1868 κατά
228 1803 317 1886 σφάς
335 1799 373 1870 δέ
392 1801 549 1879 ἑκάστους
568 1802 712 1888 ἐξορμᾶν
733 1800 852 1887 ἠξίου,
878 1801 1025 1886 λοχαγόν
1051 1828 1087 1869 τε

125 1908 261 1987 λοχίτας
276 1903 333 1968 καλ
349 1901 489 1990 ίλάρχην
503 1901 564 1986 τὴν
581 1909 656 1988 ίλην
669 1901 732 1989 τὴν
746 1899 855 1970 αύτοῦ
876 1903 1016 1970 ἕκαστον
1029 1903 1087 1969 καλ

123 2001 323 2089 ταξιάρχους
339 2002 400 2082 τὰς
419 2003 539 2090 τάξεις,
556 2001 637 2082 τούς
654 2029 691 2070 τε
707 2000 875 2089 ἡγεμόνας
893 2005 962 2070 τῶν
980 2004 1087 2084 πεζῶν

125 2102 188 2187 την
206 2102 365 2188 φάλαγγα
384 2105 524 2172 ἕκαστον
537 2103 599 2188 τήν
618 2107 654 2171 ολ
670 2105 966 2192 ἐπιτετραμμένην,
986 2101 1031 2180 ῶς
1051 2106 1088 2171 ἐν

87 2226 113 2265 ιο
125 2206 208 2290 τῇδε
227 2207 268 2290 τῇ
287 2203 377 2292 μάχη
397 2203 458 2289 ούχ
472 2203 562 2292 ύπδρ
581 2211 707 2291 Κοίλης
725 2211 857 2292 Συρίας
874 2199 896 2289 ἢ
916 2212 1088 2290 Φοινίκης,

121 2301 209 2398 ,ούδέ
234 2302 323 2392 ύπδρ
353 2304 550 2391 Αἰγύπτου,
575 2304 621 2384 ῶς
645 2304 815 2392 πρόσθεν,
840 2306 1088 2391 μαχουμένους,

126 2402 212 2472 ἀλλά
222 2403 312 2492 ύπέρ
321 2407 380 2490 τῆς
390 2404 564 2492 ξυμπάσης
574 2404 701 2494 Ἀσίας,
715 2403 873 2485 οὕστινας
887 2405 950 2493 χρὴ
962 2402 1087 2492 ἄρχειν,

127 2507 164 2572 ἐν
188 2508 235 2594 τῷ
260 2505 335 2573 τότε
358 2506 613 2592 κριθησόμενον.
649 2503 777 2574 οὔκουν
801 2505 864 2592 τὴν
890 2508 923 2584 ἐς
940 2504 981 2572 τά
1001 2506 1120 2572 καλάτ

127 2603 303 2693 ἐξόρμησιν
321 2605 375 2674 διά
395 2610 530 2674 πολλῶν
549 2604 740 2692 ἀναγκαίαν
758 2605 876 2685 αύτοῑς
894 2604 980 2674 εἶναι
994 2616 1087 2674 οίκο·

86 2727 113 2768 ιε
124 2715 188 2773 θεν
206 2709 307 2773 τοῦτο
332 2711 486 2794 ἔχουσιν,
510 2707 596 2774 ἀλλά
614 2706 743 2794 κόσμου
760 2733 797 2776 τε
815 2711 853 2776 ἐν
870 2709 918 2796 τῷ
936 2706 1088 2796 κινδύνῳ

125 2803 217 2886 ὅπως
230 2831 279 2884 τις
294 2805 368 2876 καθ’
384 2805 492 2876 αύτὸν
503 2808 732 2894 ἐπιμελήσεται
745 2809 802 2874 καλ
817 2809 911 2893 σιγῆς
925 2805 1088 2895 ἀκριβοῦς

125 2903 226 2974 ὁπότε
249 2909 413 2992 σιγῶντας
439 2909 565 2978 ἐπιέναι
588 2909 677 2994 δέοι,
701 2908 759 2975 καλ
784 2898 827 2975 αύ
853 2912 1007 2994 λαμπρᾶς
1028 2911 1087 2992 της

125 3008 207 3092 βοῆς
231 3010 289 3074 ἵνα
308 3011 467 3096 ἐμβοῆσαι
483 3009 607 3095 καλόν,
625 3009 683 3078 καλ
701 3006 898 3095 ἀλαλαγμοῦ
918 3006 964 3086 ῶς
983 3015 1087 3096 φοβε-

127 3107 280 3192 ρωτάτου
306 3108 407 3177 ὁπότε
432 3109 640 3190 ἐπαλαλάξαι·
659 3109 790 3198 καιρός·
818 3107 922 3179 αύτοί
943 3135 978 3178 τε
996 3106 1114 3188 ὅπωςε

87 3231 113 3272 ιο
127 3205 227 3288 ὀξέως
244 3209 464 3280 κατακούοιεν
481 3214 551 3278 τῶν
569 3212 909 3298 παραγγελλομένων,
926 3211 984 3278 καλ
1003 3208 1084 3297 παρ’

126 3306 241 3376 αὐτῶν
259 3301 303 3378 αύ
328 3308 419 3389 ὅπως
445 3313 478 3390 ἐς
501 3310 561 3389 τάς
584 3311 691 3392 τάξεις
710 3309 811 3390 ὀξέως
836 3315 1087 3400 παραδιδῶνται

125 3408 165 3475 τὰ
178 3413 454 3500 παραγγέλματα·
484 3416 521 3480 ἐν
533 3437 569 3480 τε
582 3416 629 3503 τῷ
648 3411 727 3481 καθ’
748 3410 857 3481 αύτὸν
874 3415 1015 3480 ἕκαστον
1028 3410 1085 3478 καλ
