2546 3920
413 177 597 229 ΔΝΑΒΑΣῙΣ
616 181 644 242 ι,
663 183 687 231 ι.
703 181 731 229 ι.
987 177 1052 243 293

84 332 181 403 λικόν
207 331 288 403 ὄντα
314 338 383 403 τῶν
400 342 577 421 Νυσαίων,
605 334 687 423 πρὶν
714 332 879 424 ἀναβῆναι
907 337 961 406 ἐπὶ
987 335 1051 424 τὴν

84 433 201 525 πυράν
210 433 394 528 Λυσιμάχφ
408 441 621 524 χαρίσασθαι,
635 438 704 504 τῶν
716 463 780 504 τινι
788 437 1052 526 θεραπευόντων

85 534 192 605 αὐτόν
220 535 275 606 ἐπὶ
303 541 423 626 σοφίᾳ·
459 537 528 604 τῶν
553 534 592 605 δὲ
618 535 661 624 δὴ
680 537 885 625 ἐκπωμάτων
902 535 924 624 ἢ
941 559 1049 623 στρω-

84 635 199 724 μάτων
217 633 281 706 ὅσα
309 640 516 726 ἐμβληθῆναι
542 638 575 717 ἐς
592 636 655 724 την
677 636 792 728 πυράν
808 637 936 727 κόσμον
954 634 1051 730 αὐτῷ

58 736 213 825 ιτετάχει
227 731 457 826 Ἀλέξανδρος,
475 736 561 806 ἀλλα
588 735 700 818 ἀλλοις
727 741 848 808 δοῦναι
873 741 943 808 τόν
961 738 1046 828 ἀμφ’

86 838 204 910 αὐτόν.
232 836 322 906 οὕτω
340 837 382 925 δὴ
397 838 558 925 ἐπιβάντα
571 845 613 928 τῇ
628 842 721 928 πυρᾷ
735 845 975 927 κατακλιθῆναι
988 840 1050 928 μὲν
1067 853 1084 902 5

85 942 122 1007 ἐν
140 937 266 1030 κόσμῳ,
285 937 430 1026 ὁρᾶσθαι
454 938 493 1008 δὲ
511 935 596 1029 πρός
614 945 673 1026 τῆς
692 942 847 1028 στρατιάς
865 940 1048 1028 ξυμπάσης.

81 1038 293 1130 Ἀλεξάνδρῳ
317 1039 355 1108 δὲ
381 1039 445 1109 οὐκ
472 1039 611 1120 ἐπιεικὲς
637 1042 783 1128 φανῆναι
809 1039 845 1109 τό
863 1042 974 1129 θέαμα
996 1041 1050 1111 ἐπί

85 1146 173 1231 φίλῳ
186 1137 288 1226 ἀνδρί
301 1139 517 1228 γιγνόμενον·
544 1135 629 1208 ἀλλά
641 1155 713 1220 τοις
726 1139 791 1231 γάρ
806 1139 919 1223 ἀλλοις
932 1147 1050 1230 θαῦμα

44 1269 72 1308 ιο
85 1240 318 1328 παρασχέσθαι
342 1239 447 1311 οόδέν
474 1268 504 1310 τι
531 1241 804 1328 παρακινήσαντα
832 1245 869 1311 ἐν
895 1248 943 1334 τῷ
967 1243 1050 1331 πυρί

84 1347 146 1410 τοῦ
165 1340 326 1429 σωματος.
361 1339 407 1421 ὦς
426 1341 464 1410 δὲ
481 1340 520 1412 τό
539 1343 609 1432 πῦρ
629 1345 661 1422 ἐς
679 1341 741 1428 τὴν
759 1343 875 1433 πυράν
890 1343 1048 1430 ἐνέβαλον
1067 1357 1084 1405 6

85 1438 135 1522 οἷς
149 1443 439 1532 προστεταγμένον
452 1433 506 1531 ἦν,
520 1443 577 1522 τάς
587 1469 623 1511 τε
637 1441 822 1530 σάλπιγγας
836 1444 1051 1532 φθέγξασθαι

85 1545 174 1628 λέγει
199 1544 371 1633 Νέαρχος,
405 1540 511 1623 οότως
538 1545 570 1626 ἐξ
594 1541 816 1634 Ἀλεξάνδρου
843 1565 1050 1635 προστεταγ-

86 1644 202 1731 μένον,
228 1645 286 1712 καὶ
312 1643 377 1732 τήν
404 1640 561 1735 στρατιάν
580 1643 783 1727 ἐπαλαλάξαι
800 1648 912 1714 πᾶσαν
927 1639 1050 1716 όποῖόν

46 1771 73 1812 ιι
85 1773 116 1815 τι
147 1744 204 1814 καὶ
237 1747 271 1825 ἐς
302 1743 362 1825 τάς
393 1745 500 1833 μάχας
528 1749 627 1816 ίοῦσα
654 1746 852 1834 ἐπηλάλαζε,
887 1749 944 1816 καὶ
969 1747 1050 1829 τούς

89 1846 271 1934 ἐλέφαντας
282 1849 510 1933 συνεπηχῆσαι
523 1844 560 1914 τό
575 1840 635 1925 όξό
650 1846 707 1915 καί
721 1845 911 1934 πολεμικόν,
925 1853 1049 1936 τιμάν·

86 1974 145 2028 τας
164 1945 333 2016 Κάλανον.
372 1950 479 2015 ταῦτα
497 1947 554 2028 καὶ
570 1945 611 2014 τά
629 1951 767 2016 τοιαῦτα
784 1938 872 2035 όπὲρ
891 1947 1051 2017 Καλάνου

86 2050 147 2118 τοῦ
160 2043 270 2117 Ἰνδοῦ
290 2049 402 2118 ἐιιανοί
420 2045 710 2136 ἀναγεγράφασιν,
728 2044 791 2116 οόκ
809 2043 927 2137 ἀχρεῖα
940 2047 1051 2138 πάντη

87 2152 120 2230 ἐς
146 2146 365 2237 ἀνθρώπους,
392 2146 458 2241 ότφ
484 2153 613 2235 γνῶναι
635 2148 797 2235 ἐπιμελές,
825 2146 870 2228 οἱς
888 2149 1051 2240 καρτερόν

46 2250 125 2321 ιοτέ
148 2250 299 2318 ἐστικαὶ
325 2245 486 2338 ἀνίκητον
518 2248 635 2337 γνω’μη
661 2246 862 2338 ἀνθρωπίνη
888 2247 908 2318 ό
931 2277 962 2318 τι
988 2277 1050 2340 περ

87 2350 195 2420 ἐθέλει
222 2351 474 2439 ἐξεργάσασθαι.

160 2447 215 2522 Ἐν
241 2451 348 2543 τούτῳ
376 2451 414 2521 δὲ
436 2451 655 2542 Ἀλέξανδρος
677 2447 882 2541 Ἀτροπάτην
908 2449 971 2540 μὲν
998 2452 1088 2521 ἐπὶ4

14 2627 19 2638 q
86 2551 149 2638 τὴν
164 2550 270 2621 αὑτοῦ
286 2559 492 2641 σατραπείαν
507 2554 664 2640 ἐκπέμπει
677 2552 858 2640 παρελθόν
872 2553 905 2632 ἐς
917 2555 1051 2622 Σοῦσα·

85 2647 285 2739 Ἀβουλίτηυ
311 2651 349 2720 δὲ
373 2653 430 2720 καί
453 2651 513 2721 τόν
536 2653 659 2723 τοότου
677 2658 782 2722 παῖδα
796 2650 977 2742 Ὀξάθρην,
1003 2653 1053 2723 ότι

47 2781 74 2820 τι
88 2757 200 2832 κακῶς
212 2754 402 2839 ἐπεμελεῖτο
414 2756 484 2821 τόν
494 2758 664 2834 Σουσίων,
680 2753 860 2840 συλλαβών
869 2749 1049 2823 ἀπέκτεινε.

88 2852 197 2922 πολλὰ
214 2851 277 2940 μὲν
294 2852 336 2940 δὴ
355 2853 609 2942 πεπλημμέλητο
629 2855 665 2920 ἐκ
682 2855 750 2921 τῶν
767 2853 975 2940 κατεχόντων
993 2853 1051 2934 τάς
1069 2876 1086 2924 2

87 2954 199 3043 χάρας
213 2950 288 3023 ὅσαι
305 2957 494 3042 δορίκτητοι
510 2956 596 3043 πρὸς
611 2952 831 3042 Ἀλεξάνδρου
846 2953 1000 3040 ἐγένοντο
1019 2960 1052 3036 ἐς

87 3081 124 3124 τε
149 3053 190 3124 τά
220 3052 292 3143 ίερά
318 3056 376 3124 καί
401 3055 530 3143 τάφους
552 3054 608 3123 καὶ
627 3052 752 3134 αὐτούς
769 3051 849 3134 τούς
866 3050 1051 3146 ὑπηκόους,

87 3153 139 3224 ότι
155 3154 288 3244 χρόνιος
306 3153 325 3226 ό
343 3161 392 3236 είς
402 3151 530 3236 Ἰνόοῧς
544 3156 661 3235 στόλος
676 3155 850 3244 ἐγεγένητο
862 3157 909 3248 τῷ
923 3164 1058 3246 βασιλεῖ

47 3283 73 3321 ιο
87 3259 146 3326 καὶ
185 3255 226 3326 οό
259 3257 380 3326 πιστόν
413 3259 569 3344 ἐφαίνετο
603 3255 844 3344 ἀπονοστήσειν
876 3253 983 3327 αότόν
1017 3259 1054 3326 ἐκ

86 3362 238 3426 τοσόνδε
265 3359 379 3426 ἐθνοῐν
405 3358 462 3426 καί
487 3361 636 3427 τοσόνδε
661 3357 862 3449 ἐλεφάντων,
888 3355 976 3448 ὑπὲρ
993 3359 1055 3427 τὸν

83 3454 194 3527 Ἰνδόν
210 3483 247 3527 τι
265 3452 502 3549 καὶῪδάσπην
519 3461 575 3528 καὶ
594 3455 836 3550 τόνἏκεσίνην
849 3457 1054 3548 καὶἽφασιν
1118 3503 1121 3508 ,
