2620 3924
215 157 276 220 162
573 149 825 210 εεεωεαιεον

165 321 177 344 “
216 334 278 384 σου
297 339 333 382 τε
350 312 406 382 καὶ
423 313 492 380 τάν
509 307 598 398 ἀμφὶ
612 311 747 397 Βῆσσον
760 310 967 397 ξυλληφθεὶς
983 305 1083 396 ἤγετο
1096 307 1189 380 οὐδέ

214 441 246 484 τι
263 413 346 482 ἀλλο
360 411 410 481 ὅτι
422 413 467 500 μὴ
485 410 593 500 ὄνομα
609 403 654 498 ἦν
671 411 843 498 βασιλέως.
872 405 1000 480 οὔκουν
1018 415 1066 478 ἐτι
1084 416 1185 491 οἵους

213 518 249 584 τέ
276 514 363 584 εἶναι
388 513 537 599 κατέχειν
562 510 669 580 αὐτὸν
693 511 775 590 τοάς
802 511 970 599 ἑταίρους,
996 508 1072 578 ἀλλ’
1096 509 1183 580 ἀνα·

216 617 414 704 πηδήσαντα
431 615 497 702 γάρ
516 617 552 681 οί
565 611 627 700 μέυ
645 611 771 700 λόγχην
788 609 939 700 ἁρπάσαι
957 610 1093 697 λέγουσι
1110 618 1184 680 τῶν

217 715 521 804 σωματοφυλάκων
545 713 706 800 τινός,ο
687 717 724 782 oc
751 711 789 780 δὲ
820 712 965 801 σάρισαν
996 711 1087 800 παρά
1109 716 1212 788 τῶνε

217 817 382 928 φυλάκων
418 815 508 894 τινὸς
538 813 608 882 καὶ
645 811 798 900 ταάτη
796 819 1018 881 παίσαντα
1057 821 1183 882 Κλεϊ-

137 932 288 987 9τον
320 916 579 986 ἀποκτεῖναι.
626 912 879 1002 Ἀριστόβουλος
904 911 943 982 δέ
967 911 1051 983 ὅθεν
1073 911 1182 1002 μὲν
1160 941 1184 1001 η

217 1023 373 1106 παροινία
388 1014 528 1104 ὁρμήθη
546 1041 586 1082 ου
579 1011 710 1100 ’λέγει’
729 1019 874 1082 Κλείτου
892 1012 931 1093 ,δέ
945 1015 1162 1100 γενέσθαι’
1116 1041 1180 1101 μο-
1293 1037 1294 1100 χ

215 1145 279 1187 νου
305 1118 368 1206 τὴν
394 1112 622 1204 άμαρτίαν,”
602 1141 643 1183 ον
667 1141 706 1200 γε
729 1111 938 1202 ὠργισμένου
957 1112 1182 1204 Ἀλεξάνδρου
1294 1196 1295 1222 χ

216 1220 273 1287 καὶ
303 1216 581 1305 ἀναπηδήσαντος
613 1213 666 1284 ἐπ’
695 1212 804 1284 αάτὸν
837 1213 883 1294 ὥς
915 1216 1183 1305 διαχρησομένου
1198 1251 1227 1292 10
1294 1227 1295 1242 ¹

217 1319 411 1406 ἀπαχθῆναι
426 1316 489 1405 μὲν
508 1316 562 1385 διά
581 1319 705 1404 θυρῶν
724 1316 786 1396 ἐξω
798 1313 887 1404 ὑπὲρ
900 1316 937 1384 τὰ
952 1315 1062 1404 τεῖχός
1075 1317 1183 1385 τεκαὶ

216 1419 279 1508 τὴν
301 1419 434 1506 τάφρον
456 1421 515 1504 τῆς
541 1415 664 1506 ἀκρας,
692 1420 750 1485 ἵνα
777 1416 920 1505 ἐγένετο,
946 1415 1032 1506 πρὸς
1050 1425 1183 1487 Πτολε-

216 1525 320 1608 μαίου
340 1545 401 1588 του
388 1518 536 1604 Λάγου
556 1520 618 1585 τοῦ
640 1516 941 1605 σωματοφύλακος·
962 1516 1003 1586 οά
1017 1543 1184 1607 καρτερη-
1295 1593 1296 1610 χ

217 1643 324 1690 σαντα
337 1619 376 1689 δέ
389 1617 597 1707 ἀναστρέψαι
610 1609 711 1697 αὖθις
731 1618 789 1686 καὶ
802 1642 960 1742 περιπετη
945 1612 1183 1742 Ἀλεξάνδρφ

215 1722 375 1809 γενέσθαι
391 1728 536 1791 Κλεῖτον
553 1717 792 1807 ἀνακαλοῦντι,
806 1711 871 1787 καὶ
889 1718 995 1805 φάναι
1012 1717 1063 1787 ὅτι
1080 1709 1183 1799 οὗτός
1196 1755 1222 1796 1⁵

216 1850 268 1892 τοι
287 1820 385 1908 ἐγά“
367 1849 386 1891 ο
401 1829 553 1908 Κλεῖτος,
572 1846 598 1887 ω
586 1811 820 1908 ''Ake‘fiavdpe
837 1819 895 1888 και
914 1821 951 1890 ἐν
967 1818 1078 1912 τοάτφ
1095 1827 1184 1908 πλη·

216 1923 377 2010 γέντα”
336 1949 377 2012 τη
397 1929 520 2011 σαρίση
539 1919 737 1990 ἀποθανεῖν.

181 2033 202 2098 9
293 2025 362 2094 Καὶ
390 2023 456 2109 ἐγὼ
480 2030 626 2091 Κλείτου
648 2021 712 2109 μὲν
736 2026 795 2108 τῆς
820 2019 950 2110 ὕβρεως
975 2026 1034 2109 τῆς
1061 2023 1095 2100 ἐς
1121 2016 1184 2090 τάν

217 2126 356 2212 βασιλέα
377 2124 438 2193 τὸν
463 2120 571 2190 αὐτοῦ
595 2122 783 2209 μεγαλωστί
808 2123 996 2210 μέμφομαι·
1025 2120 1183 2203 Ἀλέξαν-
1296 2149 1297 2158 ’

218 2229 301 2313 δρον
325 2223 364 2294 δέ
385 2227 444 2312 τῆς
469 2227 647 2312 συμφοράς
671 2227 845 2311 οἰκτείρω,
869 2220 920 2291 ὅτι
944 2225 1048 2293 δυοῖν
1063 2237 1183 2292 κακοίν
1196 2259 1224 2302 w

219 2328 256 2394 ἐν
282 2328 330 2416 τῷ
357 2323 432 2392 τότε
456 2321 643 2410 ἡττημένον
670 2321 837 2402 ἐπέδειξεν
862 2322 979 2411 αδτόν,
1006 2322 1069 2411 ἀφ’
1094 2321 1182 2392 ὅτων

218 2425 259 2512 δὴ
277 2426 334 2494 καὶ
352 2428 413 2493 τοῦ
432 2425 547 2511 ἑτέρου
566 2421 630 2492 οάκ
648 2424 796 2493 ἐπέοικεν
812 2421 923 2514 ἀνδρα
935 2426 1183 2514 σωφρονοῦντα

184 2549 200 2597 2
220 2528 429 2612 ἐξηττᾶσθαι,
455 2522 558 2612 ὀργῆς
580 2549 617 2593 τε
639 2525 697 2592 καὶ
721 2531 906 2613 παροινίας.
953 2522 1039 2595 ἀλλά
1062 2527 1103 2595 τά
1127 2527 1183 2595 ἐπὶ

217 2631 332 2696 τοῖσδε
350 2617 395 2694 αά
415 2626 540 2694 ἐπαινῶ
556 2623 799 2714 Ἀλεξάνδρου,
818 2623 868 2694 ὅτι
885 2635 1076 2716 παραυτίκα
1095 2635 1183 2716 ἔγνω

219 2727 371 2814 σχέτλιον
391 2732 490 2814 ἔργον
510 2725 745 2815 ἐργασάμενος.
786 2727 844 2795 καλ
861 2727 1019 2813 λέγουσιν
1043 2733 1132 2798 είσὶν
1150 2733 1223 2804 οδω

217 2829 258 2895 τά
278 2827 505 2917 Ἀλεξάνδρου
536 2825 864 2916 ἀναγράψαντες
891 2825 940 2896 ὅτι
968 2830 1100 2916 ἐρείσας
1121 2828 1189 2917 την,

219 2929 361 3016 σάρισαν
374 2927 458 3017 πρὸς
470 2929 531 2996 τὸν
543 2941 657 3016 τοίχου
672 2930 861 2996 ἐπιπίπτειν
873 2928 1011 3015 ἐγνάκει
1026 2929 1127 3018 αὐτῇ,
1138 2928 1184 3009 οδς

219 3026 260 3098 οά
290 3027 394 3098 καλὸν
420 3027 512 3119 αὐτῷ
538 3032 597 3113 ζῆν
623 3025 858 3097 ἀποκτείναντι
883 3036 985 3116 φίλον
1011 3029 1120 3100 αὑτοῦ
1147 3033 1184 3100 ἐν

219 3139 312 3220 οίνφ.
341 3135 377 3197 οί
388 3129 507 3196 πολλοὶ
527 3127 565 3196 δὲ
583 3127 789 3216 ξυγγραφεῖς
805 3131 907 3198 τοῦτο
924 3129 987 3218 μὲν
1004 3129 1045 3199 οά
1061 3131 1183 3217 λέγου-

158 3255 159 3258 ’
182 3247 200 3295 3
219 3247 287 3299 σιν·
305 3227 499 3298 ἀπελθόντα
517 3226 555 3296 δέ
569 3230 603 3307 ἐς
620 3229 681 3315 τὴν
696 3227 801 3318 εάνὴυ
814 3241 949 3300 κεῖσθαι
962 3227 1183 3321 ὀδυρόμενον,
1196 3257 1224 3298 εο

218 3328 326 3400 αὐτόν
339 3356 374 3399 τε
386 3327 449 3399 τὸν
462 3337 606 3399 Κλείτου
624 3327 786 3419 ὀνομαστὶ
805 3329 1043 3402 ἀνακαλοῦντα
1055 3333 1113 3402 καὶ
1122 3332 1184 3419 τὴν

218 3438 364 3501 Κλείτου
398 3430 460 3519 μὲν
486 3427 657 3520 ἀδελφήν,
690 3428 798 3501 ου’τὸν
825 3432 863 3501 δὲ
889 3431 1184 3523 ἀναθρεψαμένην,
