2620 3924
477 177 666 230 mmlx
682 181 708 242 3,
727 179 768 230 1⁸.
1042 179 1102 242 121

141 341 259 403 χοντος
280 316 473 405 Ἀθηναίοις
493 316 758 407 Ἀριστοφάνους
775 321 879 407 μηνὸς
897 324 1104 396 Πυανεψιῶ-

140 435 216 498 νος·
244 420 301 486 καὶ
316 418 542 510 Ἀριστάνδρῳ
559 420 685 507 ξυνέβη
702 419 724 507 ἡ
736 429 877 507 μαντεία
892 421 929 489 έν
945 425 994 512 τῷ
1008 421 1103 512 αύτῷ

140 520 222 606 μηνὶ
242 522 279 587 ἐν
302 517 370 611 ὅτῳ
393 519 414 604 ή
433 522 556 608 σελήνη
580 521 717 607 ἐκλιπὴς
737 521 846 609 ἐφάνη
862 521 925 610 τήν
940 548 977 590 τε
993 523 1103 610 μάχην

138 618 351 712 Ἀλεξάνδρῳ
367 622 426 688 καὶ
443 621 506 708 τήν
522 630 624 710 νίκην
640 623 809 708 γενέσθαι.

92 765 96 774 ·
115 746 129 786 ε
219 733 366 810 Δαρεῖος
378 720 442 809 μὲν
455 723 498 809 δή
512 721 622 802 εύδός
637 727 674 792 ἐκ
686 725 746 810 τῆς
758 725 866 812 μάχης
880 724 971 812 παρὰ
983 727 1025 792 τὰ
1042 722 1103 812 ὄρη
1116 737 1158 802 [6

141 821 183 888 τά
201 821 386 910 Ἀρμενίων
403 820 552 910 ἤλαυνεν
566 826 622 893 ἐπὶ
636 830 787 912 Μηδίας,
805 827 863 893 καὶ
881 826 944 906 ξύν
961 824 1054 917 αὐτῷ
1070 829 1106 894 οἳ

142 949 177 990 τε
194 924 352 1010 Βάκτριοι
370 929 496 1010 ίππεῑς,
514 923 561 1004 ῶς
576 925 654 995 τότε
671 929 709 994 ἐν
725 929 768 1014 τῇ
785 926 876 1014 μάχη
894 926 1103 1015 ξυνετάχθη-

143 1043 227 1110 σαν,
253 1031 400 1111 ἔφευγον
417 1028 475 1094 καὶ
494 1029 638 1114 Περσῶν
654 1031 691 1094 οἵ
705 1054 742 1096 τε
759 1043 936 1114 συγγενεῖς
954 1033 991 1096 οί
1004 1035 1102 1115 βασι·

143 1125 228 1204 λε’ως
256 1127 314 1193 καὶ
342 1128 413 1193 τῶν
434 1127 639 1215 μηλοφόρων
662 1129 883 1216 καλουμένων
907 1128 948 1197 ού
963 1137 1102 1208 πολλοί.
1149 1177 1154 1186 ·

103 1253 129 1292 ιο
143 1225 387 1313 προσεγένοντο
397 1226 540 1318 δὲαότῷ
549 1229 704 1314 κατάτήν
712 1226 828 1318 φυγήν
837 1231 893 1297 καὶ
902 1234 972 1298 τῶν
980 1241 1103 1316 μισθο-
1120 1250 1141 1299 2

143 1328 261 1415 φόρων
274 1326 381 1409 ξένων
396 1331 430 1407 ἐς
443 1332 640 1415 δισχιλίους,
657 1325 719 1410 οὓς
733 1331 862 1420 Πάρων
878 1355 914 1399 τε
927 1330 946 1400 ό
963 1331 1104 1411 Φωκεύς

142 1431 199 1496 καὶ
210 1431 365 1509 Γλαῦκος
378 1428 568 1510 όΑίτωλός
582 1422 673 1516 ἦγον.
699 1433 808 1521 ταύτη
822 1431 861 1500 δὲ
875 1431 968 1523 αύτῷ
979 1430 1000 1520 ή
1010 1431 1105 1520 φυγή

144 1531 200 1597 ἐπὶ
219 1535 358 1620 Μηδίας
377 1534 529 1617 ἐγίγνετο
550 1529 600 1598 ότι
625 1531 732 1602 ἐδόκει
748 1533 810 1622 τήν
829 1535 885 1602 ἐπὶ
905 1533 1052 1603 Σούσων
1069 1560 1105 1603 τε

143 1632 201 1698 καὶ
218 1635 425 1719 Βαβυλῶνος
443 1630 533 1719 ήξειν
546 1631 768 1721 Ἀλέξανδρον
787 1637 824 1703 ἐκ
841 1636 899 1722 τῆς
916 1635 1036 1723 μάχης,
1054 1632 1105 1703 ὅτι

9 1813 14 1822 ι
104 1760 130 1800 15
144 1732 327 1858 οἰκουμένη
350 1759 386 1801 τε
405 1737 515 1820 ἐκείνη
539 1735 631 1802 πάσα
647 1726 691 1820 ήν
707 1737 765 1804 καὶ
783 1734 863 1814 ὁδός
886 1751 958 1816 τοῖς
982 1756 1104 1804 σκευο-

143 1832 262 1958 φόροις
285 1832 327 1902 ού
346 1834 494 1920 χαλεπή,
517 1833 621 1902 καὶ”
598 1861 668 1922 αμα
684 1839 745 1904 τοῦ
764 1836 914 1924 πολέμου
937 1837 976 1905 τδ
995 1829 1104 1906 ἆθλον

143 1963 164 2022 η
153 1933 353 2023 Βαβυλων
370 1937 427 2004 καλ
451 1935 492 2002 τά
512 1937 631 2004 Σοῦσα
650 1939 824 2062 ἐφαίνετο·
851 1935 872 2026 ή
890 1936 929 2005 δε
947 1939 1003 2007 ἐπὶ
1022 1945 1103 2025 Μη-

143 2039 220 2114 δίας
237 2036 373 2128 μεγάλω
391 2036 614 2124 στρατεύματι
631 2035 695 2106 ούκ
713 2035 866 2132 εὔπορος.

221 2139 291 2206 Καὶ
308 2136 372 2206 ούκ
391 2137 543 2262 ἐψεύσθη
561 2148 716 2226 Δαρεῖος.
749 2137 1024 2227 Ἀλέξανδρος
984 2165 1050 2228 γαρ
1070 2141 1142 2221 ἔξω

14 2237 17 2246 ’
105 2265 131 2305 νο
141 2237 313 2326 Ἀρβήλων
330 2236 542 2327 ὁρμηθεὶς
506 2263 568 2326 την
583 2240 638 2307 ἐπὶ
652 2244 858 2328 Βαβυλῶνος
872 2237 979 2320 εύδύς
994 2238 1103 2330 πρού-

143 2339 251 2428 χιόρει.
293 2337 357 2427 ήδη
387 2367 424 2407 τε
454 2338 495 2407 ού
527 2339 642 2428 πόρρω
665 2345 871 2430 Βαβυλῶνος
894 2333 936 2429 ήν
961 2342 1017 2410 καὶ
1041 2341 1104 2428 τήν

144 2441 292 2527 δύναμιν
315 2439 586 2528 ξυντεταγμένην
612 2439 659 2520 ῶς
684 2445 717 2522 ἐς
741 2444 851 2531 μάχην
876 2433 953 2530 ήγε,
983 2443 1040 2510 καλ
1071 2446 1108 2511 oc

143 2541 357 2630 Βαβυλώνιοι
373 2543 540 2630 πανδημεὶ
554 2540 714 2628 ἀπήντων
728 2543 821 2634 αύτῷ
840 2543 905 2625 ξύν
924 2545 1054 2631 ίερεῦσί
1068 2569 1104 2613 τε

145 2647 244 2730 σφῶν
261 2645 318 2711 καὶ
333 2640 486 2732 ἄρχουσι,
504 2643 597 2731 δῶρά
614 2670 651 2712 τε
669 2644 715 2723 ῶς
730 2646 860 2713 ἔκαστοι
873 2643 1033 2732 φέροντες
1047 2644 1104 2712 καὶ

106 2765 132 2810 τε
145 2744 208 2828 τήν
222 2743 320 2812 πόλιν
335 2743 524 2822 ἐνδιδόντες
537 2745 594 2812 καὶ
608 2743 670 2831 τήν
688 2743 796 2833 άκραυ
809 2747 866 2813 καὶ
883 2744 925 2812 τά
943 2744 1103 2834 χρήματα.

141 2843 361 2932 Ἀλέξανδρος
379 2844 418 2914 δὲ
436 2845 619 2934 παρελθών
632 2852 681 2926 είς
694 2845 756 2931 τήν
770 2847 960 2933 Βαβυλῶνα
973 2844 1014 2912 τά
1032 2843 1103 2933 ίερά
1121 2860 1142 2912 4

145 2941 166 3012 ά
189 2944 315 3034 Ξέρξης
338 2953 497 3015 καθεῖλεν
522 2943 756 3034 ἀνοικοδομεῖν
783 2944 964 3034 προσέταξε
987 2953 1103 3036 Βαβυ-

143 3053 292 3135 λωνίοις,
309 3046 350 3114 τά
367 3073 403 3116 τε
420 3045 505 3116 ἄλλα
523 3048 580 3115 καὶ
597 3049 658 3116 τοῦ
679 3047 791 3135 Βήλου
805 3045 844 3116 τό
861 3046 965 3136 ἱερόν,
984 3041 1023 3114 ὃν
1036 3046 1106 3134 μά-

146 3155 240 3216 λιστα
255 3151 350 3217 θεῶν
368 3151 485 3248 τιμῶσι
503 3149 722 3236 Βαβυλώνιοι.
755 3147 930 3238 σατράπην
948 3146 986 3218 δλ
1004 3147 1109 3217 κατέ·

107 3271 132 3314 ω
146 3267 244 3336 στησε
268 3243 454 3338 Βαβυλωνί
454 3275 501 3318 ων
521 3255 693 3338 Μαζαῖον,
713 3249 968 3340 Ἀπολλόδωρον
990 3247 1078 3319 δδ
1044 3275 1108 3318 τον

141 3347 382 3438 Ἀμφιπολίτην
399 3348 587 3440 στρατηγόν
604 3353 675 3419 τῶν
692 3351 773 3440 μετὰ
792 3357 948 3434 Μαζαίου
966 3349 1106 3420 ύπολει-

10 3459 14 3535 '2
145 3450 303 3540 πομέυωυ
314 3439 539 3542 στρατιωτῶν,
553 3453 610 3521 καλ
621 3449 979 3542 Ἀσκληπιόδωροντὸν
990 3457 1038 3520 Φί
1023 3457 1107 3520 ί·λω
