2572 3920
205 132 245 196 10
559 127 811 189 ΑΔΕΞΑΝΔΡΟΤ

169 287 186 336 8
286 273 400 363 Ταύτῃ
418 271 481 361 μὲν
499 267 540 359 δή
563 277 606 362 τῇ
623 270 730 362 ήμέρηι
747 276 965 352 κατακλείσας
990 265 1114 351 αύτούς
1133 273 1168 350 ές
1274 349 1275 354 1

203 373 267 462 τήν
292 374 392 444 πόλιν
416 373 472 442 καὶ
496 371 865 462 στρατοπεδευσάμενος
889 368 974 463 πρός
996 376 1043 463 τῷ
1066 379 1168 459 τείχει

205 475 343 561 ἐγνώκει
351 479 580 566 περιτειχισμῷ
594 472 789 542 ἀποκλεῖσαι
802 471 943 554 αύτούς·
958 477 999 563 τή
1014 472 1051 541 δὲ
1064 466 1167 542 ύστε-

206 583 286 667 ραία
308 581 420 665 παρῆν
437 573 520 663 μετά
538 580 663 662 πολλής
683 574 858 662 δυνάμεως
877 580 1044 654 Γλαυκίας
1063 571 1169 642 ὁτῶν

146 717 150 726 ·
210 685 427 746 Ταυλαντίων
443 673 613 764 βασιλεύς.
641 682 726 745 ἔνθα
744 675 786 762 δή
797 675 1013 764 Ἀλέξανδρος
1030 673 1092 761 τήν
1104 675 1168 763 μὲν
1195 701 1210 742 ε

204 777 303 847 πόλιν
330 776 466 864 ἀπέγνω
494 779 582 846 ἑλεῖν
608 773 653 845 ἀν
678 776 742 859 ξύν
765 782 808 866 τή
834 775 988 868 παρούσῃ
1014 774 1167 864 δυνάμει,

205 884 342 948 πολλῶν
357 878 420 967 μὲν
444 881 477 958 ἐς
495 871 604 966 αύτήν
620 879 677 946 καὶ
699 885 854 966 μαχίμων
871 873 1168 966 ξυμπεφευγότων,

205 985 340 1049 πολλῶν
357 979 396 1048 δὲ
412 979 480 1068 ἅμα
496 984 544 1071 τῷ
556 985 710 1070 Γλαυκίᾳ
726 979 1034 1068 προσκεισομένων,
1054 984 1088 1048 εί
1102 977 1169 1048 αό-

172 1095 189 1144 9
206 1079 264 1162 τός
281 1087 328 1173 τῷ
346 1088 445 1170 τείχει
462 1079 694 1170 προσμάχοιτο.
732 1080 886 1150 Φιλώταν
899 1080 938 1150 δδ
955 1076 1169 1166 ἀναλαβόντα

206 1187 275 1252 τῶν
300 1182 430 1251 ίππέων
448 1181 549 1261 ὅσους
575 1183 608 1261 ἐς
625 1181 850 1270 προφυλακήν
872 1182 929 1251 καὶ
946 1181 987 1250 τά
1004 1174 1168 1267 ύποζύγια
1184 1209 1208 1249 ιο

206 1283 246 1352 τό
267 1285 303 1351 ἐκ
321 1288 382 1352 τοῦ
402 1283 628 1372 στρατοπέδου
648 1284 681 1362 ἐς
699 1281 903 1372 ἐπισιτισμόν
921 1289 1077 1372 ἔπεμπεν.
1112 1282 1168 1350 καὶ

207 1382 226 1452 ὁ
251 1390 419 1464 Γλαυκίας
445 1381 567 1472 μαθών
590 1380 653 1470 τήν
678 1376 787 1472 ὁρμήν
812 1391 881 1453 τῶν
904 1383 990 1473 ἀμφὶ
1016 1382 1170 1452 Φιλώταν

209 1484 377 1566 ἐξελαύνει
399 1481 453 1552 ἐπ’
480 1480 623 1569 αύτούς,
647 1485 703 1551 καὶ
726 1485 973 1573 καταλαμβάνει
994 1483 1036 1554 τά
1055 1483 1169 1576 κύκλῳ

209 1584 271 1674 ὅρη
297 1590 360 1654 τού
377 1589 514 1671 πεδίου,
541 1583 624 1652 ὅθεν
648 1589 684 1653 οί
700 1582 763 1666 ξύν
782 1587 915 1676 Φιλώτᾳ
940 1589 1170 1658 ἐπισιτιεῖσθαι

159 1701 191 1750 10
209 1692 357 1774 ἔμελλον.
393 1684 609 1773 Ἀλέξανδρος
633 1686 688 1771 δέ,
716 1686 828 1774 ἐπειδή
856 1685 1054 1776 ἀπηγγέλθη
1078 1682 1169 1779 αύτῷ
1184 1713 1207 1754 ιε

208 1787 259 1856 ὅτι
282 1786 542 1856 κινδυνεύουσιν
559 1789 595 1854 οί
609 1812 645 1854 τε
668 1791 780 1868 ίππεῖς
797 1789 854 1856 καλ
876 1788 916 1857 τά
935 1786 1115 1876 ὑποζύγια,
1136 1793 1173 1856 ἐί

208 1887 271 1970 νύξ
290 1885 415 1969 αύτούς
433 1885 676 1976 καταλήψεται,
696 1886 797 1968 ου’τδς
814 1888 877 1976 μὲν
894 1887 1074 1978 ἀναλαβών
1091 1887 1170 1969 τὀύς

208 2016 244 2058 τε
261 1983 474 2068 ὑπασπιστάς
496 1989 553 2056 καὶ
569 1986 649 2068 τούς
666 1989 800 2071 τοξότας
818 1991 875 2058 καὶ
896 1990 976 2071 τούς
996 1989 1170 2081 Ἀγριᾶνας

208 2091 266 2158 καὶ
285 2091 406 2170 ίππέας
430 2085 464 2169 ἐς
487 2095 722 2177 τετρακοσίους
746 2086 880 2177 ἐβοήθει
903 2097 1052 2182 σπουδή·
1075 2091 1113 2162 τό
1132 2092 1171 2160 δὲ

209 2186 292 2259 ἀλλο
319 2190 507 2278 στράτευμα
537 2185 621 2278 πρδς
650 2194 693 2278 τῇ
719 2189 813 2258 πόλει
837 2186 1018 2280 ἀπέλιπεν,
1051 2191 1095 2273 ώς
1124 2191 1207 2280 μήεο

210 2289 489 2381 ἀποχωρήσαντος
513 2286 638 2368 παντός
660 2295 722 2358 τοῦ
746 2294 891 2380 στρατοῦ
915 2294 1030 2362 καλοί
1051 2291 1089 2363 ἐκ
1112 2299 1170 2380 τής

209 2391 339 2472 πόλεως
352 2389 590 2481 ἐπιδραμόντες
602 2403 672 2470 τοῖς
685 2388 772 2479 ἀμφὶ
781 2401 953 2462 Γλαυκίαν
967 2395 1170 2482 ξυμμίξειαν.

160 2508 191 2556 11
211 2500 297 2563 ένθα
310 2491 352 2580 δή
368 2498 535 2572 Γλαυκίας
548 2490 761 2581 προσάγοντα
775 2491 1170 2584 Ἀλέξανδρονάίσθόμε-

210 2622 268 2675 νος
299 2593 441 2665 ἐκλείπει
466 2591 506 2662 τά
530 2590 607 2682 ὅρη·
639 2598 675 2662 οί
698 2592 735 2662 δὲ
761 2592 824 2675 ξύν
852 2595 986 2686 Φιλώτᾳ
1011 2594 1170 2682 ἀσφαλῶς

211 2693 266 2765 ἐπὶ
283 2695 321 2765 τδ
341 2693 566 2783 στρατόπεδον
581 2693 802 2782 διεσώθησαν.
829 2693 973 2766 ἐδόκουν
993 2695 1025 2766 δ’
1046 2703 1094 2766 ἔτι
1111 2695 1171 2766 τδν
1183 2724 1209 2765 25

208 2795 429 2884 Ἀλεξάνδρου
454 2793 491 2864 έν
509 2799 682 2887 δυσχωρίᾳ
706 2793 923 2884 ἀπειληφέναι
946 2803 982 2867 ολ
1003 2797 1090 2886 ἀμφὶ
1113 2797 1171 2866 τόν

211 2907 355 2968 Κλεῖτον
372 2897 429 2966 καὶ
446 2904 634 2969 Γλαυκίαν·
666 2896 708 2965 τά
724 2924 759 2965 τε
776 2897 841 2987 γάρ
859 2895 921 2988 ὅρη
938 2898 978 2966 τά
994 2897 1172 2988 ὑπερδέξια

210 3015 364 3088 κατεῖχον
377 3007 514 3079 πολλοῖς
527 2999 589 3087 μὲν
600 3003 748 3084 ίππεύσι,
766 3007 901 3080 πολλοῖς
915 2999 953 3068 δὲ
966 2997 1172 3080 ἀκοντισταῖς

212 3101 268 3169 καὶ
286 3100 526 3188 σφενδονήταις
549 3099 605 3168 καὶ
629 3093 781 3179 ὁπλίταις
804 3100 843 3168 δὲ
866 3098 929 3170 οὐκ
949 3099 1092 3189 ὀλίγοις,
1116 3104 1172 3170 καὶ

213 3207 248 3270 οί
263 3203 300 3269 ἐν
323 3203 367 3290 τή
389 3200 483 3270 πόλει
505 3199 757 3288 κατειλημμένοι
778 3207 1039 3291 προσκείσεσθαι
1062 3200 1170 3271 ἀπαλ-
1184 3230 1209 3270 ιο

164 3316 195 3364 12
213 3303 423 3389 λαττομένοις
441 3307 594 3389 ἔμελλον·
621 3300 661 3369 τά
676 3327 712 3369 τε
728 3309 834 3389 χωρία
851 3301 895 3370 δι’
915 3295 964 3372 ῶν
986 3302 1007 3391 ή
1026 3304 1172 3393 πάροδος

212 3397 255 3492 ήν
272 3411 319 3497 τῷ
335 3401 541 3498 Ἀλεξάνδρῳ
556 3400 655 3471 στενά
673 3402 729 3470 καὶ
744 3399 856 3490 ὑλώδη
871 3406 1037 3491 ἐφαίνετο,
1055 3407 1099 3494 τή
1110 3403 1172 3493 μὲν
