2546 3920
189 113 254 176 296
550 111 807 170 ΔΛΕΞΔΝΔΡΟΤ
896 109 901 117 ’

191 269 286 357 γόνει
314 272 352 338 ε’ν
374 281 446 348 τοίς
471 269 654 348 κινδύνοις.
698 267 757 336 καὶ
784 267 995 356 ἐστεφάνωσε
1021 282 1167 358 χρυσοῖς
1241 261 1242 300 ³

192 370 372 457 στεφάνοις
398 369 477 448 τούς
502 367 719 460 ἀνδραγαθίᾳ
737 369 997 458 διαπρέποντας,
1024 373 1165 458 πρῶτον

192 471 255 559 μέν
286 472 484 542 Πευκέσταν
509 468 570 538 τόν
596 463 887 558 ὑπερασπίσαντα,
915 475 1027 540 ἔπειτα
1052 480 1164 540 Λεον-

158 587 175 633 ⁵
193 573 311 658 νάτον,
338 572 395 639 καλ
417 573 539 640 τοῦτον
556 566 850 657 ὑπερασπίσαντα,
876 571 932 639 καὶ
950 570 1007 639 διά
1024 568 1109 652 τούς
1127 575 1164 640 ἐν
1241 659 1242 662 ¹

188 673 310 752 Ἰνδοῖς
324 671 507 752 κινδύνους
520 671 578 740 καλ
594 669 657 757 την
676 669 836 759 ένὬροις
848 676 947 758 νίκην
959 673 1160 760 γενομένην,
1172 702 1184 741 ⁵
1241 683 1242 698 ¹

193 771 245 842 ότι
277 771 552 862 παραταξάμενος
584 771 650 840 σύν
676 776 720 860 τῇ
745 771 991 862 ὑπολειφθείσῃ
1019 773 1164 860 δυνάμει

195 873 282 962 πρδς
308 874 390 954 τούς
416 879 671 962 νεωτερίζοντας
688 877 758 941 τῶν
783 897 820 942 τε
842 871 1000 960 Ὠρειτῶν
1017 875 1164 943 καὶτῶν
1241 899 1242 954 ;

193 981 340 1061 πλησίον
366 973 497 1043 τούτων
531 971 725 1065 ᾠκισμένων
751 975 794 1062 τῇ
821 998 857 1041 τε
882 973 1165 1063 μάχη-ἐκράτησε
1241 959 1242 1034 δ

158 1077 252 1144 6καὶ
279 1065 386 1150 τᾶλλα
412 1079 523 1154 καλῶς
551 1077 642 1156 ἐδοξε
659 1072 700 1142 τά
719 1072 880 1161 ε’νὮροις
897 1076 1072 1162 κοσμῆσαι.
1108 1076 1165 1144 ἐπὶ
1241 1077 1242 1082 ’

191 1177 324 1255 τούτοις
356 1174 395 1244 δέ
421 1177 578 1262 Νέαρχον
617 1174 673 1244 ἐπὶ
704 1179 752 1268 τῷ
784 1179 936 1267 περίπλῳ
960 1178 1009 1266 τῷ
1039 1178 1082 1244 ἐκ
1103 1202 1164 1262 της
1176 1205 1198 1243 ιο
1241 1235 1242 1240 ,

190 1275 310 1348 Ἰνδῶν
323 1279 384 1363 γῆς
397 1274 481 1344 κατά
494 1276 559 1362 την
576 1272 727 1362 μεγάλην
739 1274 919 1344 θάλασσαν
933 1275 1165 1398 ἐστεφάνωσε
1241 1295 1242 1338 ἲ

192 1379 251 1445 καὶ
270 1377 337 1466 γάρ
354 1367 472 1445 καὶ
429 1403 529 1456 ουτος
546 1373 648 1463 ᾔδη’
628 1375 813 1462 αφιγμένος
832 1377 866 1455 ἐς
881 1367 1039 1444 Σοῦσα
1018 1395 1078 1463 ην·
1108 1379 1166 1446 ἐπὶ

193 1478 327 1556 τούτοις
353 1477 392 1546 δὲ
413 1475 643 1565 Ὀνησίκριτον
668 1475 730 1544 τὸν
756 1474 967 1564 κυβερνήτην
991 1479 1051 1562 της
1077 1477 1166 1558 νεώς

194 1605 253 1664 της
279 1582 467 1664 βασιλικης
495 1583 543 1646 ἔτι
565 1569 628 1645 δὲ
625 1583 847 1665 Ηφαιστίωνα
864 1577 923 1646 καλ
940 1575 1021 1657 τούς
1037 1575 1167 1658 ἄλλους

192 1677 721 1766 σωματοφύλακας..
1175 1705 1198 1744 ιε

155 1770 179 1835 6
266 1771 370 1848 Ηκον
389 1775 489 1846 δέ’
445 1803 539 1869 αυτφ
526 1777 608 1846 καὶ
623 1782 659 1846 οί
671 1774 838 1868 σατράπαι
850 1781 888 1846 ολ
898 1778 993 1845 ἐκ
947 1803 1016 1846 των
1029 1777 1166 1848 πόλεων

192 1883 325 1949 τετῶν
352 1885 555 1950 νεοκτίσταν
580 1878 637 1946 καὶ
663 1881 722 1966 τῆς
748 1875 850 1965 άλλης
875 1879 938 1964 γῆς
959 1881 1019 1965 της
1045 1883 1167 1968 δορια-
1241 1935 1242 1976 η

192 1979 324 2067 λάτον,
363 1984 487 2104 παῖδας
526 1973 737 2065 ηβάσκοντας
776 1975 840 2098 ηδη
877 1980 911 2059 ές
944 1987 1167 2102 τρισμυρίους

192 2079 346 2166 άγοντες,
363 2107 426 2167 την
440 2079 547 2166 αύτην
564 2076 698 2165 ἡλικίαν
715 2075 909 2167 γεγονότας,
926 2075 988 2159 ούς
1000 2079 1079 2148 κάλ’
1074 2090 1166 2150 Επι-

191 2180 317 2268 γόνους
345 2181 457 2256 ἐκάλει
480 2178 715 2270 Ἀλέξανδρος,
741 2183 1012 2268 κεκοσμημένους
1038 2190 1160 2250 Μακε-
1177 2210 1201 2248 ιο

192 2286 342 2361 δονικοῖς
370 2279 486 2360 ὅπλοις
512 2281 569 2348 καὶ
594 2279 636 2348 τά
663 2280 804 2369 πολέμια
821 2283 856 2360 ἐς
878 2280 940 2350 τὸν
957 2279 1087 2367 τρόπον
1103 2282 1168 2351 τόν

158 2380 432 2452 κΜακεδονικδν
462 2379 682 2469 ἠσκημένους.
738 2380 797 2449 καλ
828 2371 924 2449 οὗτοι
965 2379 1168 2470 ἀφικόμενοι

191 2484 348 2569 λέγονται
364 2481 499 2550 ἀνιᾶσαι
516 2479 733 2568 Μακεδόνας,
752 2480 799 2560 οἱς
816 2481 926 2550 πάντα
944 2479 986 2568 δη“
1004 2509 1169 2570 μηχανω-

190 2584 298 2672 μένου
309 2579 533 2669 Ἀλεξάνδρου
546 2581 636 2671 ύπδρ
648 2584 710 2650 τού
724 2581 839 2670 μηκεθι
852 2581 1014 2662 οδσαύτως
1028 2587 1170 2652 δεῖσθαι

191 2682 421 2754 Μακεδόνων·
459 2682 546 2752 εἶναι
570 2683 637 2773 γάρ
656 2673 721 2752 ούν
738 2682 794 2750 καλ
813 2682 972 2770 Μηδικὴν
989 2681 1053 2770 τὴν
1066 2682 1168 2754 Ἀλε-
1179 2713 1205 2752 σε

192 2784 342 2874 ξάνδρου
371 2785 495 2872 στολὴν
513 2779 617 2870 άλγος
635 2778 676 2852 ού
697 2783 839 2871 σμικρδν
856 2783 1055 2855 Μακεδόσιν
1073 2781 1167 2873 ὁρω-

192 2887 310 2972 μένην,
337 2886 394 2954 καὶ
420 2883 500 2966 τούς
527 2882 657 2971 γάμους
684 2885 722 2952 ἐν
747 2884 794 2974 τῷ
820 2883 917 2976 νόμῳ
933 2888 983 2974 τῷ
1006 2893 1168 2976 Περσικῷ

193 2988 395 3072 ποιηθέντας
423 2984 464 3054 ού
492 2985 575 3072 πρὸς
601 2987 717 3070 θυμοῦ
744 2984 905 3069 γενέσθαι
930 3000 1002 3064 τοῖς
1023 2993 1168 3067 πολλοῖς

193 3083 330 3172 αύταλν,
364 3080 448 3158 ούδὲ,
473 3087 543 3154 τῶν
569 3084 750 3172 γημάντων
777 3079 959 3172 ἐστινοῖς,
986 3091 1096 3154 καίτοι
1121 3091 1167 3176 τῇ

195 3184 322 3272 ἰσότητι
353 3190 395 3273 τῇ
430 3184 551 3265 ἐςιτδν
585 3185 723 3272 βασιλέα
747 3184 901 3272 μεγάλως
923 3177 1165 3274 τετιμημένοις.
1178 3215 1205 3255 ιο

158 3300 176 3348 3
196 3285 393 3362 Πευκέστας
418 3309 455 3352 τε
481 3283 499 3351 ὁ
520 3289 664 3370 Περσῶν
682 3283 852 3372 σατράπης
869 3289 911 3373 τῇ
929 3311 965 3356 τε
983 3289 1088 3374 σκευῇ
1106 3289 1168 3356 καὶ

193 3389 237 3473 τῇ
266 3386 365 3472 φωνῇ
391 3389 557 3470 περσίζων
585 3383 699 3452 ἐλύπει
716 3380 855 3471 αύτούς,
883 3383 934 3454 ὅτι
958 3389 1006 3480 τῷ
1032 3393 1170 3478 βαρβα-
