2632 3922
447 173 632 226 εελεεειε
650 176 678 238 ο,
698 177 723 226 ο.
740 179 766 228 ο.
1024 173 1090 240 203

123 341 227 414 λονς·
260 331 321 402 τόν
355 329 393 401 δὲ
426 335 533 400 παῖδα
559 328 627 418 ἀρα
652 332 715 400 τοῦ
738 328 919 420 ’Λκοάφιος
944 332 1002 401 καί
1029 337 1090 420 τῆς

119 429 299 522 θυγατρός
331 431 393 501 τόν
426 435 533 502 παῖδα
566 431 763 519 ξυμπέμψαι
795 430 889 528 αὐτῷ
907 430 1087 520 Ἀκουφιν.

199 532 424 620 Ἀλέξανδρον
449 531 489 602 δὲ
513 531 622 612 πόθος
648 537 768 621 ἐλαβεν
788 537 875 601 ἰδεῖν
896 531 959 602 τδν
977 537 1123 620 χῦρονσ

125 632 215 705 ὅπου
239 661 314 704 τινα
332 631 560 721 ὑπομνήματα
585 635 648 702 τοῦ
675 632 852 704 Διονόσου
879 637 916 702 οἰ
939 643 1091 704 Νυσαῖοι

78 763 100 804 ο
127 735 324 823 ἐκόμπαζον.
371 737 486 804 ἐλθείν
510 759 546 803 τε
571 734 605 814 ἐς
628 733 668 802 τὸ
694 731 774 824 ὅρος
797 731 860 803 τόν
877 733 1003 823 Μηρόν
1028 735 1091 815 ξῦν

123 850 197 917 τοῖς
222 837 366 925 ἑταίροις
389 843 461 916 τοῖς
489 837 629 904 ίππεῦσι
653 834 711 904 καὶ
736 839 784 926 τῷ
804 837 923 927 πεζικῷ
939 832 1090 922 ἀγήματι

124 939 184 1007 καὶ
203 942 292 1007 ἰδεῖν
308 939 426 1006 κισσοῦ
444 962 480 1006 τε
498 933 678 1005 ἀνάπλεων
706 939 763 1004 καί
789 936 922 1024 δάφνης
946 935 984 1004 τό
1010 934 1090 1024 ὅρος
1212 974 1215 980 ‚
1302 993 1303 1004 .

7 1033 13 1040 ”
125 1040 184 1108 καὶ
197 1036 283 1125 ἄλση
297 1041 442 1128 παντοίᾳ
462 1034 541 1126 ῦλη
563 1035 735 1123 σόσκια,
753 1038 811 1105 καὶ
823 1037 935 1126 θήρας
947 1035 1088 1128 ἐναῦτχῦ

125 1137 215 1209 εἰναι
239 1143 374 1227 θηρίων
401 1139 639 1208 παντοδαπῶν.
692 1137 749 1206 καί
775 1136 857 1218 τοδς
883 1137 1125 1218 Μακεδόναςθ

84 1265 113 1306 ιο
127 1239 235 1326 ἡδέως
260 1239 321 1308 τὸν
352 1238 471 1309 κισσόν
510 1237 667 1324 ἰδόντας,
700 1233 757 1307 οἰα
788 1236 832 1329 δὴ
865 1237 921 1306 διά
957 1243 1090 1326 μακροῦ

126 1339 279 1428 ὀφθέντα
289 1336 347 1427 (οῦ
358 1339 425 1430 γάρ
434 1337 522 1410 εἰναι
531 1340 569 1408 ἐν
577 1342 619 1429 τῇ
625 1337 747 1408 Ἰνδοῑν
757 1337 851 1429 χάρη
860 1339 992 1427 κισσόν,
1007 1337 1091 1407 οῦδὲ

127 1445 250 1528 λναπερ
283 1437 403 1521 αὐτοῖς
430 1438 571 1528 ἀμπελοι
596 1431 699 1528 ἦσαν)
734 1438 925 1527 στεφάνους
953 1441 1093 1528 σπουδχῑ

127 1536 189 1610 ἀπ’
205 1539 315 1610 αὐτοῦ
334 1539 539 1629 ποιήσασθαι
555 1541 614 1610 καί
632 1539 916 1628 στεφανώσασθαι
934 1541 980 1621 ἀς
998 1539 1092 1628 εἰχον

129 1645 370 1731 ἐφυμνοῦντας
395 1640 458 1712 τόν
480 1641 657 1714 Διόνυσόν
680 1667 716 1711 τε
735 1643 793 1711 καί
812 1642 873 1722 τὰς
893 1645 1090 1731 ἐπωνυμίας

88 1748 192 1814 ιοτοῦ
223 1748 310 1814 θεοῦ
341 1740 617 1822 ἀνακαλοῦντας.
670 1733 775 1812 θῦσαιΙ
801 1769 837 1812 τε
863 1741 972 1812 αὐτοῦ
995 1742 1091 1814 ’Ake'-¹

128 1846 276 1932 ξανδρον
300 1847 347 1937 τῷ
376 1845 539 1937 Διονόσμ
562 1844 622 1912 καί
648 1842 865 1932 εὐωχηθῆναι
897 1843 984 1932 ὁμοῦ
1020 1859 1092 1925 τοῖς

130 1947 283 2035 ἑταίροις.
324 1949 361 2014 οἰ
377 1945 416 2016 δὲ
430 1947 488 2016 καὶ
501 1946 583 2014 τάδε
596 1943 809 2034 ἀνέγραψαν,
828 1951 861 2014 εἰ
874 1945 916 2032 δή
929 1971 977 2037 τςο
991 1943 1091 2014 πιστά
1110 1957 1126 2006 7

128 2047 186 2116 καὶ
199 2052 321 2135 ταῦτα,
335 2047 486 2127 πολλοῦς
499 2049 569 2116 τῶν
583 2044 670 2134 ἀμφ’
687 2045 794 2114 αὐτὸν
807 2050 877 2114 νῦν
887 2042 952 2115 οῦκ
965 2043 1093 2134 ἠμελη·

34 2157 39 2164 ’
128 2148 241 2236 μένων
256 2148 471 2218 Μακεδόνων
486 2150 536 2240 τῷ
550 2175 587 2217 τε
599 2149 704 2239 κισσῷ
720 2147 1020 2234 ἐστεφανωμένους
1034 2149 1092 2216 καί

90 2273 117 2314 ιο
129 2247 199 2318 ῦπὸ
214 2251 255 2338 τῇ
269 2249 468 2336 κατακλήσει
480 2251 542 2318 τοῦ
560 2252 648 2318 θεοῦ
671 2254 928 2336 κατασχεθῆναί
947 2275 983 2318 τε
1005 2247 1092 2336 πρός

129 2350 383 2420 τοῦΔιονόσου
397 2353 455 2420 καὶ
469 2349 637 2419 ἀνευάσαι
649 2348 711 2418 τόν
728 2350 815 2419 θεὸν
828 2350 884 2418 καί
895 2354 1090 2437 βακχεῦσαι.

206 2452 276 2520 Καὶ
292 2455 401 2520 ταῦτα
415 2448 506 2530 ὅπως
519 2477 568 2530 τις
585 2450 694 2520 ἐθέλει
706 2446 896 2538 ἀπολαβόν
911 2447 1092 2520 ἀπιστείτω
1107 2457 1129 2523 3

130 2547 150 2638 ἢ
166 2552 357 2621 πιστευέτω.
396 2550 438 2621 οὐ
461 2550 528 2640 γάρ
542 2556 649 2638 ἔγωγε
658 2551 893 2638 Ἐρατοσθένει
907 2555 954 2642 τῷ
973 2559 1093 2640 Κυρη·

129 2659 217 2742 ναίω
235 2652 345 2739 πάντη
372 2653 594 2740 ξυμφέρομαι,
621 2649 659 2732 ὃς
686 2654 775 2739 λέγει
788 2652 899 2721 πάντα
917 2650 982 2721 ὅσα
1001 2655 1035 2733 ές
1053 2653 1092 2722 τό

93 2776 118 2816 τε
131 2762 229 2820 θεῖον
256 2750 459 2839 ἀναφέρεται
486 2755 523 2820 ἐκ
550 2752 764 2822 Μακεδόνων
790 2754 877 2843 πρὸς
904 2752 1004 2841 χάριν
1029 2753 1094 2840 τὴν

127 2848 350 2940 Ἀλεξάνδρου
379 2855 412 2932 ἐς
437 2850 475 2922 τό
501 2852 695 2942 ὑπέρογκον
714 2857 988 2943 ἐπιφημισθῆναι.
1034 2856 1127 2924 καλε

130 2951 197 3040 γάρ
214 2953 274 3020 καί
291 2952 457 3040 σπήλαιον
475 2953 564 3040 λέγει
583 2953 720 3034 ἰδόντας
737 2957 774 3024 ἐν
787 2955 1093 3044 Παραπαμισάδαις

129 3050 209 3132 τοῦς
232 3053 436 3134 Μακεδόνας
462 3061 523 3124 καί
545 3080 620 3124 τινα
645 3059 762 3143 μῦθον
789 3056 967 3144 ἐπιχάριον
984 3053 1093 3126 ἀκοά-

132 3173 256 3234 σαντας
282 3148 304 3242 ἦ
330 3156 388 3224 καί
405 3153 533 3235 αὐτοῦς
559 3157 747 3237 ξυνθέντας
765 3164 909 3246 φημίσαι
924 3155 974 3226 ὅτι
990 3163 1093 3228 τοῦτο

95 3277 120 3319 ιο
131 3252 196 3344 ἀρα
212 3246 255 3341 ἦν
271 3258 333 3332 τοῦ
352 3256 562 3344 Προμηθέως
579 3256 618 3326 τό
636 3255 771 3349 ἀντρον,
796 3263 855 3328 ἵνα
873 3259 1016 3348 ἐδέδετο,
1035 3259 1092 3329 καί

130 3347 147 3424 ὁ
166 3353 262 3436 ἀετὸς
276 3354 326 3425 ὅτι
340 3359 448 3428 ἐκεῖσε
463 3359 582 3444 ἐφοίτα
595 3359 792 3447 δαισόμενος
804 3363 874 3429 τάν
888 3361 1093 3446 σπλάγχνων

128 3461 189 3525 τοῦ
207 3459 431 3547 Προμηθέως,
456 3459 514 3528 καί
540 3458 737 3550 όἩρακλῆς
764 3459 816 3531 ὅτι
843 3465 952 3531 ἐκεῖσε
969 3460 1092 3554 ἀφικό-

1294 25 1297 34 ε

1296 89 1297 96 1
