2632 3922
440 141 627 194 ΑΝΑΒΑΣΙΣ
644 144 674 206 5,
693 144 716 194 7.
737 144 761 198 8.
1022 142 1084 202 211

101 295 174 368 ἀπ’
205 296 335 386 άμφοϊν
361 298 447 378 ξύλα
465 324 500 367 τε
519 300 552 378 ές
571 295 659 368 εύθδ
679 297 781 380 ὀξέως
801 297 1011 387 ἐπιβάλλεται
1028 297 1085 364 καὶ

104 403 251 478 σανίδες
281 399 460 520 ἐγκάρσιαι
482 399 567 478 ἐς
533 425 569 468 το
598 401 746 481 ξυνδεῖν.
800 404 857 467 καὶ
885 399 940 466 διά
968 401 1086 466 πασῶν

104 496 207 568 οὕτω
225 502 295 568 τῶν
313 503 416 586 νεοῖυ,
441 497 518 568 ὅσαι
538 501 652 568 ἱκαναὶ
674 504 872 588 γεφυρῶσαι
886 497 948 567 τὸν
966 497 1084 599 πόρον,

106 614 220 689 χωρεῖ
235 598 274 668 τὸ
294 606 404 688 ἔργον.
447 601 656 689 ἑκατέρωθεν
675 600 713 669 δὲ
730 627 791 670 του
778 593 994 686 ζεύγματος
1007 605 1083 667 κλί-
1103 609 1119 658 5

61 723 76 764 ε
107 728 219 789 μακες
252 702 501 790 προβάλλονται
520 700 843 790 καταπηγνύμεναι,
877 707 940 769 τοῦ
958 697 1086 785 άσφα-

109 803 277 888 λεστέραν
294 817 366 882 τοῖς
384 829 420 871 τε
438 807 553 882 ἵπποις
571 803 628 870 καί
645 818 717 882 τοῖς
734 801 864 889 ζεύγεσι
881 829 943 889 την
962 805 1087 888 ἔφοδον
1153 846 1159 854 -

109 911 310 990 γίγνεσθαι,
329 905 386 972 καὶ
405 901 474 992 άμα
493 902 538 982 εδς
557 903 746 992 σύνδεσμος
764 902 850 972 εἶναι
862 907 925 972 τοῦ
943 901 1087 988 ζεύγμα-

110 1031 182 1083 τος.
217 1002 262 1072 δι’
288 1003 409 1089 ὀλίγου
430 1030 466 1072 τε
488 1001 733 1084 ξυντελεῖται“
713 1004 875 1073 απανκαλ
890 1002 953 1084 ξῦν
971 1003 1086 1093 πολλῷ
1156 1069 1160 1083 .

53 1127 62 1140 ·
110 1104 270 1228 θορύβῳ,
297 1107 353 1174 καὶ
380 1105 418 1172 τδ
445 1107 651 1193 τεταγμένον
679 1107 716 1174 ἐν
742 1132 789 1196 τῳ
776 1101 1009 1226 δρωμένῳ
998 1101 1087 1186 όμως

71 1225 99 1265 10
115 1203 183 1272 ούκ
203 1203 359 1273 άπεστιν·
393 1210 429 1273 οἵ
444 1232 480 1272 τε
498 1203 811 1292 παρακελευσμοΓ
787 1231 831 1283 ως
849 1205 983 1288 τύχοιεν
1001 1201 1085 1269 κατά

112 1308 206 1373 ναῦν
235 1305 377 1427 ἑκάστην
404 1305 518 1372 καὶαι
535 1305 734 1392 ἐπιτιμήσεις
752 1307 812 1373 τοῦ
833 1306 990 1382 ἐκλιποῦς
1009 1301 1088 1370 οῦτε

112 1405 177 1492 τὴν
204 1405 410 1474 κατάκουσιν
427 1408 497 1472 τῶν
523 1404 811 1493 παραγγελμάτων
830 1400 907 1474 ούτε
926 1403 986 1491 τὴν
1005 1401 1086 1483 ὀξύ-

113 1532 198 1594 τητα
224 1511 287 1574 τοῦ
315 1512 417 1594 ἔργον
445 1503 678 1593 ἀφαιροῦνται.
730 1585 733 1594 ,

191 1605 371 1694 Ῥωμαίοις
410 1606 473 1694 μὲν
513 1607 556 1693 δὴ
595 1606 686 1676 οῦτω
724 1612 831 1676 ταῦτα
872 1609 908 1674 ἐκ
940 1604 1125 1673 παλαιοῦ8

77 1726 103 1766 1⁵
120 1706 315 1793 ἐπήσκηται·
352 1705 561 1798 Ἀλεξάνδρῳ
589 1707 627 1776 δὲ
654 1707 745 1786 ὅπως
774 1707 912 1794 ἐζεύχθη
940 1703 958 1772 6
981 1705 1087 1782 Ἰνδὸς

118 1808 269 1895 ποταμδς
299 1807 363 1876 οῦκ
391 1815 456 1894 ἔχω
485 1815 606 1894 εἰπεῖν,
633 1806 684 1876 ὅτι
709 1807 793 1895 μηδὲ
820 1812 857 1875 oc
880 1803 1088 1894 ξυστρατεύ-
1115 1869 1120 1880 Ι

119 1922 247 1988 σαντες·
265 1908 357 2001 αὐτῷ
385 1907 491 1978 εἷπον.
525 1907 611 1976 άλλά
637 1934 692 1995 μοι
718 1913 814 1976 δοκεῖ
838 1905 885 1986 ὥς
913 1907 1089 1992 ἐγγυτάτω

118 2009 249 2077 τούτων
268 2013 434 2096 ἐζεῦχθαι,
460 2006 532 2095 ἢεί
548 2008 592 2095 δή
609 2036 674 2077 τινι
691 2007 779 2096 άλλη
800 2010 947 2095 μηχανῇ,
976 2010 1088 2093 ἐκείνη

121 2111 231 2194 ἐχέτω.
283 2107 327 2188 ὡς
361 2109 399 2178 δὲ
432 2111 525 2196 διέβη
557 2110 666 2199 πέραν
697 2111 759 2178 τοῦ
782 2106 893 2178 Ἰνδοῦ
921 2110 1123 2197 ποταμοῦ,ε

82 2235 107 2276 ιο
120 2212 175 2278 καὶ
195 2211 345 2280 ἐνταῦθα
365 2201 408 2278 αῦ
426 2210 504 2278 θύει
522 2208 607 2278 κατά
625 2209 732 2298 νόμον
746 2207 973 2298 Ἀλέξανδρος.
1002 2207 1087 2298 άρας

121 2309 157 2378 δὲ
171 2309 236 2378 άπὸ
255 2318 317 2379 τοῦ
332 2311 444 2380 Ἰνδοῦ
464 2314 497 2390 ἐς
517 2311 640 2392 Τάξιλα
654 2309 806 2399 άφίκετο,
825 2310 924 2378 πόλιν
937 2309 1088 2399 μεγάλην

120 2414 175 2479 καὶ
208 2409 412 2500 εὐδαίμονα,
445 2411 508 2500 τὴν
541 2418 703 2540 μεγίστην
729 2415 799 2479 τοῖν
824 2411 948 2535 μετμξβ
974 2409 1085 2480 Ἰνδοῦ

121 2538 155 2580 τε
172 2519 325 2638 ποταμοῦ
343 2541 401 2581 και
416 2512 594 2582 Ὑδάσπου.
627 2540 685 2582 και
673 2514 835 2598 ἐδέχετο
854 2509 960 2580 αύτδν
984 2515 1086 2594 Ταξί-

123 2612 224 2698 λης“
206 2639 224 2680 ο
251 2611 402 2700 ῦπαρχος
420 2642 478 2700 της
496 2612 634 2716 πόλεως
643 2615 701 2682 καὶ
720 2612 818 2682 αύτοὶ
837 2639 870 2680 οι
863 2615 969 2700 ’τῇδε
984 2611 1087 2683 Ἰνδοὶ

86 2737 111 2779 ιε
124 2721 257 2798 φιλίως.
290 2715 348 2781 καλ
363 2713 579 2799 Ἀλέξανδρος
597 2721 820 2804 προστίθησιν
838 2709 955 2792 αύτοῐς
972 2713 1089 2802 χάραν

19 2883 20 2890 ,
123 2839 179 2936 της
192 2811 333 2942 δμόρμυ
361 2812 442 2899 ὅσης
469 2817 612 2883 ἐδέοντο.
653 2841 736 2901 ηκον
762 2815 801 2883 δὲ
828 2817 981 2884 ἐνταῦθα
1007 2812 1123 2902 παρα

124 2912 227 2982 αὐτὸν
245 2915 301 2980 και
321 2916 411 3000 παρδι
426 2912 604 3003 Ἀβισάρου
623 2917 777 3004 πρέσβεις
794 2920 857 2984 τοῦ
875 2920 945 2982 τοῖν
963 2914 1086 3003 ὀρείων

120 3012 234 3082 Ἰνδῶν
260 3017 423 3100 βασιλέως
450 3013 469 3083 6
494 3042 530 3084 τε
556 3013 704 3104 ἀδελφὸς
730 3021 792 3086 τοῦ
817 3013 994 3103 Ἀβισάρου
1028 3019 1086 3085 καὶ

124 3113 215 3183 άλλοι
242 3114 306 3195 ξύν
333 3112 425 3206 αύτῷ
452 3121 487 3184 οἱ
512 3117 742 3204 δοκιμώτατοι,
769 3117 826 3186 καί
852 3113 944 3204 παρά
972 3117 1088 3198 Δοξά-

91 3240 114 3279 ιο
127 3243 202 3301 ρεως
220 3215 393 3303 νομάρχου
412 3215 519 3304 άλλοι,
546 3220 639 3307 δοῦρα
658 3219 829 3306 φέροντες.
856 3219 914 3286 καὶ
934 3217 1088 3288 ἐνταῦθα

127 3308 169 3383 αύ
191 3315 409 3406 Ἀλέξανδρος
428 3320 464 3385 έν
484 3321 634 3400 Ταξίλοις
660 3319 739 3389 θύει
765 3315 828 3387 ὅσα
855 3322 891 3387 ολ
905 3317 1009 3405 νόμος
1028 3319 1087 3387 καὶ

127 3416 237 3502 άγῦυα
263 3434 353 3494 ποιεῖ
376 3418 542 3506 γυμνικόν
568 3421 685 3490 τεκαὶ
714 3419 861 3488 ἱππικόν.
914 3420 971 3488 καὶ
997 3415 1085 3488 άπο-

826 3530 877 3584 Μ’
