2546 3920
207 105 275 170 320
562 101 813 162 ιιιεειιιιιεον

208 263 275 350 τήν
291 269 414 332 κασίαν
431 267 610 349 γίγνεσθαι
635 259 765 349 αὐτοῖς,
791 258 857 330 άπό
876 262 915 330 δέ
932 266 1003 330 τῶν
1021 261 1192 350 δένδρων

208 362 274 449 τήν
305 363 462 452 σμύρναν
495 389 531 432 τε
563 362 620 430 καὶ
652 360 715 430 τόν
748 363 949 452 λιβανωτόν,
978 364 1015 430 ἐκ
1043 361 1084 430 δὲ
1111 367 1189 430 ταῖν

208 471 411 552 θαμνίσκων
442 464 480 532 τό
513 461 707 551 κινάμωμον
738 465 928 551 τέμνεσθαι,
954 467 992 532 οἱ
1015 466 1188 549 λειμῶνες

210 563 251 634 δὲ
269 563 321 633 ότι
338 565 466 654 νάρδον
483 559 665 652 αὐτόματοι
689 563 884 654 ἐκφέρουσι·
922 564 962 633 τό
978 589 1015 632 τε
1031 564 1186 650 μέγεθος

207 668 271 752 τῆς
296 665 417 754 χώρας,
443 662 495 734 ὅτι
522 664 586 734 οὐκ
612 663 761 734 ἐλάττων
777 663 799 750 ή
817 664 979 752 παράλιος
996 669 1056 751 τῆς
1073 659 1209 754 Ἀρά-ε

113 775 119 786 “
208 774 289 853 βίας
319 764 405 854 ἤπερ
430 764 452 852 ή
478 769 538 852 τῆς
560 763 700 852 Ἰνδικῆς
734 763 828 857 αὐτῷ
851 765 1092 853 ἐξηγγέλλετο,
1119 767 1184 832 καί

210 871 307 952 νῆσοι
316 865 404 955 αὐτῇ
414 877 634 954 προσκείσθω
642 873 777 953 ιιολλαί,
790 867 849 934 καὶ
859 867 988 954 λιμένες
997 870 1182 953 πανταχοῦ

209 968 269 1053 τῆς
292 966 403 1054 χώρας
430 969 566 1054 ἐνεῖναι,
592 962 658 1036 οίοι
675 981 860 1054 παρασχεῖν
885 966 948 1055 μὲν
973 963 1103 1053 ὅρμους
1129 971 1181 1058 τῷ

209 1070 372 1158 ναυτικῷ,
398 1083 584 1156 παρασχεῖν
601 1067 640 1137 δέ
656 1068 713 1135 καὶ
730 1066 843 1147 πόλεις
861 1070 1101 1154 ἐνοικισθῆναι,
1119 1067 1180 1134 καὶ

209 1167 335 1248 ταύτας
360 1170 520 1255 γενέσθαι
546 1167 761 1255 εὐδαίμονας.
1192 1191 1213 1231 ιι

173 1286 192 1334 3
287 1268 361 1339 Δῦο
394 1269 432 1338 δὲ
462 1273 560 1356 νῆσοι
590 1269 674 1338 κατὰ
699 1268 738 1337 τό
765 1269 870 1354 στόμα
895 1270 958 1337 τοῦ
987 1266 1178 1356 Εὐφράτου

210 1370 365 1455 πελάγιαι
383 1371 621 1456 ἐξηγγέλλοντο
638 1366 744 1461 αὐτῷ,
761 1369 859 1458 ἡμὲν
871 1368 985 1458 πρώτη
999 1367 1041 1436 οὐ
1057 1368 1178 1456 πρόσω

208 1475 279 1538 τῶν
306 1473 456 1556 ἐκβολῶν
472 1476 539 1540 τοῦ
558 1468 755 1560 Εὐφράτου,
782 1478 831 1550 είς
858 1468 976 1538 ἑκατόν
994 1470 1052 1537 καὶ
1071 1479 1177 1538 είκοσι

208 1573 371 1648 σταδίους
403 1569 577 1658 ἀπέχουσα
602 1569 669 1639 άπὸ
701 1573 762 1639 τοῦ
790 1573 946 1656 αἰγιαλοῦ
966 1596 1003 1638 τε
1027 1570 1086 1638 καί
1112 1575 1174 1638 τοῦ

209 1669 372 1757 στόματος
390 1677 452 1740 τοῦ
479 1677 646 1762 ποταμοῦ,
672 1673 849 1760 μικροτέρα
866 1668 952 1758 αὕτη
978 1671 1035 1738 καὶ
1053 1675 1204 1739 δασεῖαιι

210 1769 278 1859 ῦλη
305 1778 466 1862 παντοίῳ·
501 1771 588 1842 εἶναι
614 1771 652 1840 δέ
679 1773 716 1840 ἐν
742 1770 829 1860 αὐτή
856 1772 913 1840 καὶ
941 1770 1036 1862 ίερόν
1057 1769 1194 1858 Ἀρτέ-

210 1877 317 1959 μιδος,
350 1873 408 1941 καὶ
433 1870 514 1953 τούς
540 1873 718 1959 οἰκήτορας
743 1871 868 1954 αὐτοῦς
895 1869 983 1960 ἀμφὶ
1013 1871 1050 1940 τό
1082 1873 1173 1959 ἱερὸν
1248 1921 1249 1969 χ

173 1973 251 2039 ιτόι
277 1976 335 2060 τῆς
361 1978 490 2060 διαίτης
516 1984 699 2042 ποιεῖσθαι·
738 1975 905 2059 νέμεσθαί
925 2000 960 2041 τε
979 1969 1086 2058 αὐτὴν
1104 1975 1175 2053 αίξί
1247 2021 1248 2076 χ

210 2099 246 2142 τε
263 2072 394 2160 ἀγρίαις
418 2076 476 2141 καὶ
503 2074 652 2162 ἐλάφοις,
678 2075 735 2141 καὶ
760 2073 885 2153 ταῦτας
912 2070 1068 2150 ἀνεῖσθαι
1085 2072 1171 2160 άφέ-
1246 2107 1247 2112 ¹

210 2199 289 2252 τους
306 2176 347 2262 τῇ
358 2172 533 2261 Ἀρτέμιδι,
552 2174 633 2243 οὐδὲ
653 2173 740 2242 είναι
759 2177 856 2262 θέμις
873 2174 985 2262 θήραν
1003 2182 1171 2242 ποιεῖσθαι
1182 2202 1201 2241 α

210 2271 269 2340 ὐπ’
303 2271 417 2340 αὐτον
444 2271 493 2342 ότι
519 2273 565 2362 μή
590 2277 702 2343 θῦσαί
723 2301 799 2342 τινα
824 2280 868 2363 τῇ
893 2277 964 2364 θεῷ
993 2275 1169 2342 ἐθέλοντα·

212 2373 283 2457 [ἐπὶ
308 2377 395 2463 τῷδε
419 2379 533 2462 θηράν
557 2371 678 2462 μόνον]
712 2376 767 2444 έπί
792 2378 880 2466 τῷδε
905 2375 970 2465 γάρ
997 2373 1060 2443 οὐκ
1087 2372 1172 2442 εἶναι

174 2468 194 2538 τ’
211 2468 379 2559 άθέμιιον.
407 2476 463 2542 καὶ
480 2474 607 2563 ταύτην
625 2477 688 2562 τήν
701 2479 807 2562 νῆσον
820 2477 909 2562 λέγει
918 2474 1169 2564 Ἀριστόβουλος

209 2571 260 2642 ὅτι
268 2572 401 2660 Ἴκαρον
428 2576 581 2645 ἐκέλευσε
607 2585 784 2646 καλεῖσθαι
797 2575 1015 2666 Ἀλέξανδρος
1042 2576 1097 2644 ἐπὶ
1112 2577 1170 2662 τῆς
1242 2571 1243 2605 ³

209 2675 317 2762 νήσου
343 2676 402 2761 τῆς
425 2674 558 2766 Ἰκάρου
583 2679 643 2762 τής
670 2680 707 2746 ἐν
732 2679 780 2769 τῳ
812 2683 946 2769 Αἰγαίῳ
973 2675 1100 2769 πόντῳ,
1136 2679 1199 2756 ἐςτ
1241 2679 1242 2713 ί

209 2774 327 2861 ἥντινα
345 2773 480 2865 Ἴκαρον
505 2777 565 2846 τὸν
591 2774 765 2848 Δαιδάλου
791 2778 947 2858 τακέντος
973 2779 1033 2846 τοῦ
1066 2781 1168 2864 κηροῦ
1240 2815 1241 2819 =

209 2871 278 2968 ὅτῳ
297 2876 505 2964 προσήρτητο
522 2875 564 2946 τά
583 2877 687 2964 πτερά
705 2891 821 2946 πεσεῖν
839 2879 938 2965 λόγος
956 2879 1094 2966 κατέχει,
1117 2877 1167 2946 ότι

210 2975 252 3044 οὐ
270 2974 354 3044 κατά
373 2977 432 3056 τὰς
448 2979 584 3058 ἐντολάς
601 2983 662 3047 τοῦ
673 2977 798 3067 πατρός
811 2978 896 3068 πρός
909 2982 951 3070 τῇ
965 2983 1010 3067 γή
1023 2979 1165 3066 ἐφέρετο,

209 3075 296 3143 ἄλλά
322 3077 486 3162 μετέωρος
511 3078 577 3165 γάρ
602 3073 672 3148 ὐπὸ
697 3077 814 3160 άνοίας
832 3079 1010 3168 πετόμενος
1028 3079 1165 3166 παρέσχε

208 3180 258 3266 τῳ
284 3173 368 3266 ἡλίῳ
386 3177 516 3258 θάλψαι
539 3205 574 3248 τε
591 3180 648 3248 καὶ
665 3179 796 3248 άνεῖναι
813 3180 874 3249 τόν
891 3181 1004 3270 κηρόν,
1032 3180 1087 3247 καὶ
1102 3177 1192 3249 άπόα

211 3277 335 3342 ἑαυτοῦ
361 3275 421 3343 τόν
429 3274 564 3364 Ἴκαρον
590 3285 634 3366 τή
651 3306 686 3346 τε
707 3281 800 3372 νήσῳ
818 3283 875 3349 καὶ
892 3288 941 3372 τῷ
959 3281 1092 3366 πελάγει
1106 3277 1163 3364 τήν

211 3377 410 3458 ἐπωνυμίαν
428 3377 660 3460 ἐγκαταλιπεῖν
677 3378 740 3464 τήν
756 3381 820 3466 μὲν
829 3379 966 3469 Ἴκαρον
982 3385 1162 3467 καλεῖσθαι,
