2546 3920
445 148 630 208 ΑΝΑΒΔΣΙΣ
661 151 691 215 δ,
710 151 752 204 2³.
997 147 1075 213 ·.277
1116 186 1118 190 ·

107 307 237 394 γένοιτο
262 311 311 398 τῷ
338 310 487 397 ναυτικῷ
515 305 779 396 παρασκευάσαι,
805 301 971 395 ἣφρέατα
990 304 1076 395 ὀρύ-

107 410 229 490 ξαυτας
247 403 268 493 ἣ
286 405 412 496 ἀγοραῖς
430 431 497 476 που
514 403 536 494 ἢ
553 407 660 496 ὅρμου
680 407 950 495 ἐπιμεληθέντας.
990 404 1075 476 ἄλλά
1093 417 1110 466 2

107 501 152 594 ἦν
178 506 244 596 γάρ
271 512 377 596 ἔρημα
410 506 604 579 παντάπασι
621 506 663 576 τά
680 505 764 598 πρὸς
782 511 823 597 τῇ
842 507 1000 597 θαλάσσῃ
1017 512 1076 594 τῆς

109 613 304 698 Γαδρωσῶν
336 613 416 696 γῆς,
450 607 477 677 ὁ·
496 607 535 678 δέ
562 608 696 679 Θόαντα
728 606 789 678 τδν
815 607 1075 699 Μανδροδώρου

81 738 95 780 ε
108 709 317 797 καταπέμπει
332 709 386 779 ἐπὶ
400 707 578 780 θάλασσαν
591 707 654 792 ξύν
668 707 793 796 ὀλίγοις
808 713 959 797 ἱππεῦσι,
971 735 1073 778 κατα-

109 808 320 898 σκεψόμενον
345 820 380 880 εί
401 807 472 880 πού
491 835 539 892 τις
565 807 669 899 ὅρμος
696 801 744 880 δέν
761 810 920 897 τυγχάνει
936 805 1077 900 ταύτηῆ

107 909 205 998 ὕδωρ
232 903 273 978 ού
301 910 417 1000 πόρρω
444 907 510 980 άπὸ
536 910 712 998 θαλάσσης
729 909 751 999 ἤ
768 938 799 980 τι
816 909 899 980 ίίλλο
916 915 985 980 τῶν
1004 913 1076 980 έπι-

108 1015 262 1098 τηδείων.
296 1011 362 1080 ’καί
388 1001 487 1092 οὗτος
514 1010 713 1082 έπαυελθοδν
738 1011 938 1099 ἀπήγγειλεν
964 1011 1076 1092 ἁλιέας

109 1112 201 1192 τινὰς
234 1118 437 1199 καταλαβεῖν
471 1113 539 1182 ἐπὶ
570 1117 633 1181 τού
667 1118 824 1199 αίγιαλοῦ
852 1115 890 1184 έν
915 1111 1078 1201 καλύβαις

69 1242 97 1282 ιο
110 1227 303 1303 πνιγηραῖς·
338 1215 540 1300 πεποιῆσθαι
565 1212 604 1282 δέ
629 1211 688 1293 τάς
714 1213 864 1302 καλύβας
892 1214 1112 1295 ξυνθέντας3

109 1312 168 1392 τὰς
191 1313 329 1400 κόγχας
371 1315 493 1402 στέγην
517 1313 555 1384 δέ
581 1311 668 1384 εἶναι
691 1311 811 1395 αύταλς
833 1315 893 1394 τίις
925 1309 1078 1395 άκάνθας

110 1417 182 1482 τοῖν
209 1414 357 1502 ἰχθύων·
391 1415 449 1484 καὶ
465 1414 608 1496 τούτους
625 1417 705 1495 τούς
723 1411 837 1496 ἁλιέας
854 1413 956 1484 ύδατι
972 1412 1078 1506 ὀλίγῳ

111 1517 325 1603 διαχρῆσθαι,
338 1519 490 1602 χαλεπῶς
504 1514 734 1603 διαμωμένους
747 1515 809 1586 τδν
821 1514 981 1605 κάχληκα,
995 1514 1079 1586 ούδδ

111 1615 222 1706 τούτῳ
248 1614 357 1708 πάντη
384 1623 505 1702 γλυκεῖ
528 1620 575 1708 τῷ
601 1613 710 1686 ὕδατι.

71 1743 97 1785 ιε
185 1715 240 1796 Ὡς
258 1715 296 1786 δέ
322 1711 462 1803 άφίκετο
482 1714 702 1806 Ἀλέξανδρος
729 1719 763 1798 ές
788 1716 902 1808 χῶρόν
927 1743 1002 1788 τινα
1019 1720 1113 1805 τῆςι

113 1823 309 1906 Γαδρωσίας
335 1821 393 1886 ’ίνα
419 1815 659 1904 άφθονύτερος
684 1809 728 1906 ἦν
754 1832 857 1904 σῖτος,
882 1819 1028 1906 διανέμει
1046 1821 1079 1898 ές

111 1916 152 1988 τά
166 1917 331 2004 ύποζύγια
344 1914 405 1988 τόν
418 1919 694 2010 καταληφθέντα·
721 1917 778 1988 καὶ
790 1919 914 1988 τοῦτον
928 1917 1079 2008 σημηνά-

112 2043 211 2106 μενος
231 2022 272 2108 τῇ
294 2021 417 2090 ἑαυτοῦ
444 2023 619 2106 σφραγῖδι,
646 2026 925 2107 κατακομίζεσθαι
951 2018 1080 2089 κελεύει

69 2141 72 2146 “
113 2116 159 2200 ὥς
186 2119 241 2189 ἐπὶ
266 2120 454 2190 θάλασσαν.
484 2123 521 2189 έν
540 2110 567 2212 ᾦ
585 2118 624 2189 δὲ
641 2117 693 2208 ᾔει
712 2116 758 2200 οἱς
777 2121 833 2189 ἐπὶ
849 2120 909 2189 τὸν
928 2119 1080 2208 σταθμὸν

71 2249 99 2292 ιο
114 2226 279 2307 ἔνθενπερ
307 2219 478 2308 ἐγγυτάτω
493 2213 545 2308 ,ἦν
562 2219 583 2308 ἡ
601 2221 771 2308 θάλασσα,
799 2219 962 2312 ἐντούτῳ
980 2215 1080 2307 ὀλίγα

113 2327 357 2410 φροντίσαντες
376 2326 412 2390 οί
428 2327 624 2409 στρατιῶται
640 2327 699 2410 τῆς
718 2326 907 2410 σφραγῖδος
925 2319 1029 2390 αύτοί
1043 2347 1080 2391 τε

114 2424 150 2490 οί
178 2420 327 2509 φύλακες
359 2425 407 2514 τῷ
432 2428 515 2514 σίτῳ
550 2420 733 2512 ἐχρήσαντο
759 2422 817 2490 καὶ
842 2421 914 2492 ὅσοι
930 2421 1081 2510 Ιμάλιστα

113 2527 199 2613 λαμηῖ
227 2523 391 2606 ἐπιέζοντο
416 2525 474 2592 καὶ
499 2522 629 2604 τούτοις
647 2523 847 2620 μετέδωκαν.
890 2525 924 2604 ές
941 2521 1114 2594 τοσόνδεῡ

115 2621 200 2708 πρὸς
226 2628 287 2690 τοῦ
314 2627 421 2692 κακοῦ
450 2625 630 2710 ἐνικῶντο,
666 2619 711 2704 ὥς
737 2622 799 2692 τόν
825 2622 997 2711 πρόδηλον
1023 2625 1081 2692 καὶ

73 2752 101 2796 2⁶
115 2721 267 2810 παρόντα
292 2720 358 2810 ἤδη
383 2720 528 2810 ὄλεθρον
553 2725 614 2792 τοῦ
642 2721 796 2809 άφαναῦς
822 2750 857 2792 τε
883 2724 939 2791 καὶ
965 2722 1082 2812 πρόσω

115 2827 173 2890 ἔτι.
188 2819 287 2916 ὄντος
315 2824 351 2892 ἐκ
377 2827 438 2892 τού
464 2823 627 2910 βασιλέως
653 2822 817 2892 κινδύνου
843 2822 907 2902 ξύν
933 2828 1082 2916 λογισμῷ

115 2922 212 3006 ἔδοξέ
221 2941 334 3009 σφισιν
349 2929 541 3015 ἔμπροσθεν
554 2922 768 3012 ποιήσασθαι.
795 2922 852 2991 καὶ
862 2919 1082 3014 Ἀλέξανδρος

114 3021 322 3112 καταμαθάν
353 3025 416 3112 τὴν
447 3023 599 3112 ἀνάγκην
631 3024 786 3110 συνέγνω
812 3037 882 3104 τοῖς
908 3023 1080 3113 πράξασιν.

113 3125 216 3206 αύτδς
242 3123 281 3194 δδ
307 3122 371 3196 ὅσα
397 3126 434 3194 έκ
459 3126 517 3213 τῆς
535 3123 646 3216 χάρας
665 3123 857 3214 ἐπιδραμών
875 3123 1082 3212 ξυναγαγεῖν

75 3256 101 3299 ω
112 3225 270 3316 ἠδυνήθη
288 3229 336 3306 είς
355 3224 559 3313 ἐπισιτισμὸν
576 3228 619 3315 τῇ
638 3228 776 3316 στρατιᾷ
793 3230 836 3316 τῇ
854 3226 1080 3324 περιπλεούση

114 3324 178 3410 ξύν
203 3331 252 3420 τῷ
279 3326 407 3422 στύλμ,
439 3329 546 3396 ταῦτα
577 3332 761 3415 κομίσοντα
793 3327 915 3416 πέμπει
940 3327 1081 3417 Κρηθέα

114 3426 174 3500 τδν
201 3428 446 3502 Καλλατιανόν.
489 3428 641 3510 καὶτοῖς
669 3429 839 3518 ἐγχωρίοις
866 3426 1115 3518 προσετάχθγχς
