2546 3920
200 134 265 201 316
553 134 810 194 εοοωεαιεου

202 293 328 361 σθέντα
342 289 527 378 ἀφελέσθαι
539 286 665 371 αάτοῶς
681 291 739 371 τάς
755 295 792 362 ἐιι
804 296 874 360 τῶν
887 292 1066 380 χρημάτων
1082 287 1175 379 ῶφε·

167 417 185 466 5
202 399 303 471 λείας.
345 391 434 480 ὅμως
452 392 490 461 δὲ
507 392 549 460 τά
566 419 605 478 γε
621 397 680 479 τῆς
706 395 907 480 ἐπιστροφῆς
924 399 985 479 τῆς
1003 391 1092 460 κατά
1111 392 1173 479 τὴν

202 497 336 563 είσοδον
352 492 416 580 τὴν
434 496 467 573 ές
483 491 545 580 τὴν
564 491 663 561 πόλιν
682 496 839 578 ἐθελῆσαι
856 491 973 574 αὐτοῖς
990 497 1173 580 πεισθῆναι

202 597 289 680 λέγει
311 589 588 683 Ἀριστόβουλος,
613 594 671 662 καὶ
699 599 742 682 τῇ
760 618 876 683 πρατη
903 593 966 681 μὲν
993 593 1087 683 παρά
1113 593 1173 662 τόν

202 693 356 783 ποταμόν
381 693 442 762 τὸν
468 691 653 788 Εόφράτηη
669 696 1051 784 καταστρατοπεδεῦσαι,
1081 697 1115 774 ἐς
1133 694 1193 765 δὲι

201 794 265 881 τὴν
290 795 475 883 ὑστεραίαν
502 797 541 864 έν
567 797 658 884 δεξιᾷ
686 801 804 882 ἔχοντα
829 795 890 863 τὸν
915 795 1070 882 ποταμὸν
1089 794 1170 882 παρ’

203 893 310 964 αὐτόν
324 895 539 984 πορεύεσθαι,
558 895 720 964 ἐθέλοντα
732 894 957 983 ὑπερβάλλειν
969 898 1028 984 τῆς
1042 894 1173 974 πόλεως

201 994 240 1064 τό
258 998 358 1084 μέρος
375 995 413 1063 τό
434 999 467 1076 ἐς
489 995 622 1084 δυσμάς
638 997 879 1086 τετραμμένον,
906 995 952 1075 ῶς
969 994 1079 1085 ταύτῃ
1100 999 1172 1064 ἐπι·

169 1113 186 1162 6
203 1097 393 1184 στρέψαντα
419 1097 504 1185 πρὸς
523 1099 567 1166 ἔω
585 1093 696 1184 ἄγειν·
730 1096 814 1166 ἀλλὰ
833 1096 874 1166 οό
893 1095 958 1182 γάρ
977 1101 1173 1184 δυνηθῆναι

202 1191 272 1266 άπὸ
300 1202 491 1286 δυσχωρίας
517 1195 625 1277 οὕτως
649 1196 763 1267 ἐλάσαι
789 1197 852 1279 ξδν
875 1202 924 1287 τῇ
937 1202 1092 1289 στρατιᾷ,
1120 1197 1203 1268 ότιιι

202 1297 244 1366 τά
262 1297 329 1366 άπὸ
348 1303 489 1386 δυσμῶν
505 1304 565 1385 τῆς
582 1298 710 1379 πόλεως
728 1299 878 1384 εἰσιόντι,
904 1301 936 1368 εί
957 1298 1065 1388 ταότη
1087 1297 1173 1388 πρὸς

204 1401 249 1468 ἕω
267 1399 480 1486 ἐπέστρεφεν,
500 1399 606 1487 ἕλῶδη
623 1425 660 1468 τε
672 1401 729 1468 καὶ
741 1400 914 1486 τεναγῶδη
927 1391 980 1487 ἦν.
1005 1401 1066 1468 καὶ
1081 1399 1172 1469 οὕτω

204 1499 261 1566 καὶ
290 1499 409 1566 ἑκόντα
434 1501 492 1567 ιιαὶ
519 1497 645 1568 άιιοντα
670 1499 849 1588 ἀπειθῆσαι
873 1493 922 1592 τῷ
948 1505 1030 1590 θεῷ.

154 1609 194 1674 18
279 1594 370 1668 Ἐπεὶ
387 1599 444 1666 καὶ
462 1599 597 1669 τοῖόνδε
612 1601 686 1670 τινά
701 1601 804 1688 λόγον
814 1600 1070 1690 Ἀριστόβουλος
1084 1599 1171 1668 ἄνα-

203 1698 372 1788 γέγραφεν
386 1697 641 1789 Ἀπολλόδωρον
657 1699 718 1770 τόν
732 1701 974 1789 Ἀμφιπολίτην
991 1705 1061 1770 τῶν
1077 1703 1170 1771 ἑταί-
1183 1732 1203 1773 ιι

204 1826 274 1889 ρων
296 1803 366 1870 τῶν
386 1799 619 1889 Ἀλεξάνδρου,
646 1801 833 1890 στρατηγόν
858 1808 918 1889 τῆς
945 1807 1101 1891 στρατιᾶς
1126 1799 1171 1888 ἣν

203 1900 295 1990 παρά
328 1908 471 1994 Μαζαίῳ
502 1907 549 1992 τῷ
582 1908 787 1991 Βαβυλῶνος
820 1901 974 1992 σατράπῃ
1006 1901 1172 1972 ἀπέλιπεν

199 2000 435 2092 Ἀλέξανδρος,
469 2001 581 2089 ἐπειδὴ
615 2005 791 2091 συνέμιξεν
817 2001 987 2072 ἐπανιόντι
1012 2001 1109 2094 αὐτῷ
1137 2005 1171 2086 ἐξ

200 2100 331 2188 Ἰνδῶν,
349 2100 483 2191 ὁρῶντα
500 2107 624 2192 πικρῶς
637 2097 887 2193 τιμωρούμενον
899 2103 981 2183 τούς
996 2103 1172 2192 σατράπας

204 2201 276 2272 ὅσοι
295 2201 348 2272 ἐπ’
368 2202 454 2290 άλλη
472 2206 530 2272 ιιαλ
548 2200 633 2293 άλλη
652 2203 746 2295 χῶρᾳ
763 2205 957 2292 τεταγμένα
972 2197 1075 2292 ἦσαν,
1095 2207 1171 2274 ἐπι·
1183 2234 1206 2272 ιο

204 2311 334 2374 στεῖλαι
359 2304 558 2395 Πειθαγόρᾳ
583 2309 630 2396 τῷ
658 2301 814 2397 ἀδελφῷ,
842 2305 962 2392 μάντιν
988 2303 1054 2393 γάρ
1082 2303 1174 2398 εἶναι

202 2405 264 2474 τὸν
297 2403 516 2493 Πειθαγόραν
553 2411 611 2492 τῆς
650 2405 716 2474 άπδ
756 2406 959 2492 σπλάγχνων
996 2413 1173 2494 μαντείας,

168 2527 186 2575 ε
203 2504 526 2594 μαντεύσασθαιὲιιαδ
539 2504 628 2592 ὑπὲρ
643 2505 751 2575 αότοῦ
764 2509 822 2593 τῆς
837 2512 1012 2592 σωτηρίας.
1031 2505 1172 2575 ἀντεπι-

204 2615 330 2676 στεῖλαι
355 2607 394 2676 δὲ
420 2603 513 2697 αὐτῷ
545 2605 763 2694 Πειθαγόραν
795 2606 1059 2693 πυνθανόμενον
1092 2613 1175 2676 τίνα

203 2708 346 2795 μάλιστα
371 2707 583 2795 φοβούμενος
609 2706 797 2795 χρήσασθαι
824 2709 934 2776 ἐθέλοι
955 2709 998 2795 τῇ
1016 2713 1172 2798 μαντείᾳ.
1186 2735 1210 2775 2⁵

202 2809 264 2876 τὸν
290 2807 328 2878 δὲ
353 2809 481 2897 γράψαι
507 2799 608 2888 αὖθις
634 2807 685 2877 ὅτι
701 2807 762 2876 τόν
779 2833 814 2876 τε
832 2808 969 2896 βασιλέα
986 2799 1093 2876 αάτδυ
1111 2810 1175 2877 καὶ

202 2907 439 2992 Ἡφαιστίωνα.
484 2908 632 2978 θάεσθαι
659 2908 701 2995 δὴ
727 2907 789 2976 τόν
806 2909 1022 2997 Πειθαγόραν
1049 2913 1176 2996 πρῶτα

203 3007 268 3095 μὲν
287 3010 343 3078 ἐπὶ
360 3014 408 3100 τῶ
424 3007 656 3096 Ἡφαιστίωνι·
685 3007 731 3088 ῶς
750 3008 789 3078 δὲ
808 3009 863 3078 ἐπὶ
881 3015 942 3078 τοῦ
959 3007 1087 3095 ἥπατος
1105 3015 1174 3078 τοῦ

205 3113 329 3196 ίερείου
356 3105 375 3176 ὁ
401 3107 501 3198 λοβὸς
526 3107 659 3198 άφαυης
685 3103 741 3198 ἦν,
767 3107 857 3180 οὕτω
883 3108 925 3197 δὴ
952 3108 1173 3198 ἐγγράψαντα

205 3211 263 3276 καλ
289 3211 609 3296 κατασημηνάμενον
634 3211 672 3280 τὸ
699 3209 908 3300 γραμμάτιον
931 3210 1057 3298 πέμψαι
1074 3209 1171 3298 παρά
1184 3239 1207 3278 ιο

204 3307 265 3375 τόν
295 3306 551 3396 Ἀπολλόδωρον
584 3313 620 3377 έιι
652 3315 856 3397 Βαβυλῶνος
890 3315 939 3390 είς
970 3308 1172 3398 Ἐκβάτανα,

170 3409 374 3492 3δηλοῦντα
399 3408 504 3492 μηδέν
529 3434 562 3475 τι
591 3412 734 3477 δεδιέναι
755 3409 995 3498 Ἡφαιστίωνα
1032 3415 1174 3479 ἔσεσθαι
