2620 3924
457 153 643 206 ιαιοεειε
659 156 689 216 ε,
707 156 750 207 νε.
767 136 782 148 “
1033 151 1077 220 95

106 313 165 361 σιν
190 281 292 379 (ἦσαν
310 289 349 362 δὲ
366 291 482 362 αότῶυ
506 319 542 363 τε
564 295 634 362 τῶν
659 301 795 385 Τυρίων
819 297 857 364 οί
867 293 1018 382 ’μάλιστα
1038 296 1077 364 ἐν

105 393 198 462 τέλει
227 395 285 462 καί
316 391 335 462 ό
359 394 518 482 βασιλεὺς
538 393 724 482 Ἀζέμιλκος
748 396 805 464 καί
830 401 1077 485 Καρχηδονίων
1165 433 1167 438 ·

106 492 198 574 τινὲς
216 497 343 584 θεωροὶ
363 497 397 576 ἐς
421 496 520 584 τιμήν
537 499 599 566 τοῦ
616 494 823 586 Ἡρακλέους
839 497 923 566 κατά
942 497 984 585 δή
1000 522 1076 566 τινα

105 595 218 683 νόμον
233 593 378 666 παλαιὸν
396 603 445 676 είς
462 597 525 684 τήν
538 597 745 688 μητρόπολιν
762 597 975 688 άφαιόμενοι)
993 598 1076 669 τοό-

79 719 180 778 διοις
198 696 369 788 ξύμπασιν
386 695 502 768 άδειαν
520 701 661 770 δίδωσιν
674 691 911 788 ’Δλέξανδρος
938 700 1020 780 τούς
1038 697 1076 770 δὲ

107 797 237 878 ἄλλους
254 797 494 888 ήνδραπόδισε,
516 801 574 870 καὶ
593 799 792 890 ἐπράθησαν
811 809 948 891 Τυρίων
965 828 1001 870 τε
1018 803 1076 870 καὶ

70 926 76 942 ·
107 905 180 970 τῶν
194 899 302 983 ξένων
316 897 388 970 ὅσοι
403 901 715 990 ἐγκατελήφθησαν,
728 903 871 990 μάλιστα
886 907 920 982 ἐς
933 923 1075 993 τρισμυ-

109 1010 219 1094 ρίους.
249 1001 469 1092 Ἀλέξανδρος
500 1001 539 1072 δε
567 1007 615 1094 τῷ
636 1001 795 1093 Ἡρακλεῖ
819 1003 923 1074 ἔθυσέ
953 1029 990 1074 τε
1019 1005 1110 1072 καὶὸ

109 1104 251 1192 πομπήν
278 1110 400 1174 ἔστειλε
417 1104 482 1184 ξδν
504 1106 546 1193 τή
566 1105 709 1192 δυνάμει
727 1104 939 1194 ιδπλισμόνη·
964 1108 1022 1176 καί
1041 1109 1081 1174 αί

70 1233 96 1273 ιο
109 1211 190 1293 νήες
200 1205 534 1296 ξυνεπόμπευσαντῷ
542 1205 710 1294 Ἡρακλεῖ,
719 1208 776 1276 καί
784 1204 901 1292 άγῶνα
910 1206 1077 1295 γυμνικόν

114 1303 219 1397 ἐντῷ
241 1305 319 1398 ίερῷ
338 1308 396 1376 καὶ
410 1307 571 1395 λαμπάδα
590 1310 741 1395 ἐποίησε·
768 1309 828 1378 καὶ
844 1308 906 1393 τήν
924 1307 1077 1396 μηχανὴν

111 1399 134 1498 ή
153 1407 192 1476 τδ
211 1423 320 1496 τεῖχος
338 1416 538 1497 κατεσείσθη
556 1407 724 1497 ἀνέθηκεν
742 1415 791 1489 είς
809 1408 870 1478 τόν
887 1408 991 1479 νειόυ·
1018 1410 1077 1478 καὶ

111 1511 174 1596 τὴν
196 1509 373 1597 ναῦντὴν
402 1516 533 1598 Τυρίαν
562 1509 624 1598 τήν
649 1509 743 1598 ίεράυ
772 1513 834 1580 τοῦ
859 1509 1078 1598 Ἡρακλέους,

112 1609 233 1698 ήντινα
248 1613 285 1680 ἐν
298 1615 346 1702 τῷ
366 1614 499 1702 ἐπίπλῳ
518 1617 628 1700 ἔλαβε,
646 1613 703 1680 καί
717 1611 845 1700 ταάτην
857 1615 905 1702 τῷ
921 1610 1080 1702 Ἡρακλεῖ

75 1739 101 1780 ιε
115 1712 263 1800 άνὲδηκε
280 1713 338 1780 καὶ
358 1715 551 1802 ἐπίγραμμα
571 1711 623 1782 ἐπ’
644 1711 752 1801 αὐτῇ,
776 1708 797 1798 ἣ
815 1711 920 1792 αὐτὸς
937 1712 1078 1799 ποιήσας

114 1810 235 1900 ήότου
254 1813 296 1900 δή
316 1811 422 1882 ἄλλον
441 1813 665 1902 ποιήσαντος,
686 1812 750 1882 οόκ
768 1811 861 1894 ἄξιον
883 1813 1015 1902 μνήμης
1038 1813 1076 1882 τό

117 1919 328 2004 ἐπίγραμμα·
363 1914 418 1982 διά
447 1918 548 1984 τοῦτο
578 1916 637 1984 καλ
670 1913 736 2000 ἐγώ
767 1913 853 1983 αάτὸ
882 1913 1079 2003 ἀναγράψαι

115 2016 299 2105 ἀπηξίωσα.
338 2015 447 2104 Τάρας
464 2014 527 2103 μὲν
545 2014 589 2101 δή
607 2013 715 2095 οὕτως
735 2015 822 2086 ἑάλω
840 2017 896 2086 ίπλ
914 2013 1078 2105 ἄρχοντος

112 2117 290 2204 Ἀυικήιοο
307 2115 467 2205 Ἀθήνησι
483 2116 589 2205 μηνὸς
604 2115 899 2205 Ἑκατομβαιῶνος.

80 2245 105 2286 ιο
180 2217 254 2289 Ἔτι
271 2217 309 2287 δὲ
327 2221 364 2286 ἐν
381 2222 422 2306 τῇ
442 2226 619 2308 πολιορκία
635 2222 694 2304 τής
719 2218 832 2306 Ῥάρου
851 2218 1077 2307 ξυνεχομένου
1085 2222 1130 2289 25

113 2320 337 2408 Ἀλεξάνδρου
362 2318 529 2407 ἀφίκοντο
553 2315 652 2408 παρά
669 2327 820 2408 Δαρείου
854 2319 1007 2409 πρέσβεις
1032 2319 1078 2399 τίς
1127 2387 1129 2390 .

118 2420 238 2508 αὐτόν,
259 2419 528 2508 ἀπαγγέλλοντες
546 2421 650 2510 μόρια
668 2413 731 2508 μὲν
743 2422 896 2490 τάλαντα
913 2420 1002 2511 ὑπὲρ
1019 2425 1078 2507 τῆς

117 2523 241 2612 μητρός
258 2549 294 2591 τε
311 2525 368 2592 καλ
385 2523 445 2608 τής
463 2521 624 2609 γυναικός
642 2524 700 2591 καὶ
717 2527 787 2590 τῶν
804 2526 939 2592 παίδων
957 2526 1080 2608 δοῦναι

120 2625 249 2696 ἐθέλειν
269 2621 478 2716 Ἀλεξάνδρῳ
503 2634 667 2712 Δαρεῖον·
691 2622 753 2710 τήν
777 2623 816 2693 δὲ
832 2624 948 2713 χάραν
966 2628 1079 2694 πᾶσαν

83 2727 178 2815 ιιτήν
209 2725 303 2805 ἐντός
329 2723 517 2813 Εὐφράτου
542 2725 694 2812 ποταμοῦ
721 2730 795 2794 ἔστι
819 2727 874 2795 ἐπὶ
900 2725 1079 2795 θάλασσαν

118 2828 180 2917 τήν
194 2827 389 2915 Ἑλληνικήν
407 2824 631 2912 Ἀλεξάνδρου
656 2823 757 2894 είναι·
790 2825 944 2913 γήμαντα
962 2825 1000 2894 δὲ
1017 2826 1079 2913 τήν

121 2936 272 3018 Δαρείου
291 2932 397 2998 παῖδα
417 2925 640 3016 Ἀλέξανδρον
658 2932 762 3014 φίλον
783 2953 819 2995 τε
837 2924 924 2996 εἶναι
942 2934 1079 3018 Δαρείῳ

121 3031 176 3100 καὶ
189 3029 373 3118 ξύμμαχον.
404 3027 606 3098 καὶτούτων
621 3031 717 3118 ἐντῷ
733 3027 888 3119 ξυλλόγῳ
901 3035 970 3098 τῶν
986 3030 1078 3098 ἑταί·
1096 3039 1113 3089 2

123 3145 189 3219 ρων
203 3129 490 3218 ἀπαγγελθέντων
499 3137 726 3219 Παρμενίωνα
739 3129 802 3219 μὲν
816 3129 974 3216 λέγουσιν
985 3129 1079 3200 ’Ake'

91 3255 115 3300 ιο
125 3232 257 3330 ξάνδρμ
271 3240 380 3302 εἰπεῖν
393 3229 444 3300 δτι
457 3230 560 3311 αὐτὸς
574 3227 617 3300 ἂν
629 3229 848 3320 Ἀλέξανδρος
863 3227 912 3300 δν
927 3234 982 3302 ἐπὶ
995 3232 1077 3302 τοά-

124 3361 190 3416 ιοις
207 3334 359 3422 ήγάπησε
375 3331 568 3413 καταλάσας
586 3332 645 3402 τδν
663 3333 811 3422 πόλεμον
829 3332 945 3422 μηκέτι
963 3331 1080 3422 πρόσω

124 3434 350 3506 κινδυνεάειν·
373 3434 596 3524 Ἀλέξανδρον
627 3434 665 3504 δὲ
690 3442 907 3525 Παρμενίωνι
935 3433 1079 3522 ἀποκρί-
