2632 3922
461 183 645 236 εαεεευιε
662 185 690 247 ε,
710 185 749 238 13.
1027 181 1091 248 217

203 336 317 418 Αύτδς
345 338 384 408 δέ
412 337 527 426 ἐπιβάς
553 336 794 426 τριακοντόρου
822 339 924 426 ἐπέρα
941 340 999 408 καῖ
1022 337 1147 428 ἅμα13

126 437 222 530 αύτῷ
240 439 450 528 Πτολεμαῖός
476 465 512 508 τε
535 442 593 510 καί
612 443 803 527 Περδίκκας
821 441 879 508 καὶ
896 446 1092 528 Λυσίμαχος

127 546 163 609 οί
195 541 480 629 σωματοφύλακες
506 541 563 610 καὶ
592 541 760 619 Σέλευκος
786 541 855 608 των
883 542 1039 630 ἑταίρων,
1072 539 1091 611 ό

126 640 328 728 βασιλεύσας
342 640 498 729 ὕστερον,
511 642 568 710 καί
581 645 650 710 τῶν
664 639 887 709 ὑπασπιστῶν
899 645 937 709 οἵ
945 641 1090 729 ἡμίσεες·

72 765 96 806 ο
127 743 209 822 τούς
227 741 266 810 δέ
283 741 409 823 ἄλλους
425 740 643 822 ὑπασπιστάς
657 741 755 809 ἄλλαι
767 741 998 830 τριακόντοροι
1012 749 1091 830 ἐφε-

127 869 197 932 ρον.
230 841 282 922 εἵς·
294 842 332 912 δὲ
348 843 411 930 τήν
427 848 535 930 νήσου
551 841 761 933 παρήλλαξεν
782 840 966 931 ήστρατιά,
984 869 1091 930 φανε-

127 949 194 1033 ρῶς
211 942 275 1030 ήδη
295 946 427 1030 ἐπεῖχον
444 949 487 1033 τῇ
502 941 607 1032 ὄχθη·
634 945 692 1011 καί
710 947 747 1011 οἵ
761 944 881 1011 σκοποὶ
898 943 1092 1023 κατιδόντες

126 1043 242 1114 αύτῶν
259 1043 322 1130 τήν
340 1043 448 1134 ὁρμήν
464 1043 510 1124 εἵς
531 1044 681 1124 ἑκάστοις
700 1041 824 1128 τάχους
837 1048 875 1112 οί
884 1047 982 1112 ἵπποι
999 1041 1091 1130 εἵχον

127 1143 277 1232 ήλαυνον
305 1143 350 1225 ύς
371 1147 426 1214 ἐπὶ
443 1145 503 1214 τὸν
521 1150 656 1234 Πάρον.
698 1147 734 1212 ἐν
752 1143 862 1235 τούτῳ
880 1143 918 1212 δέ
931 1141 1089 1225 Ἀλεξαν-
1107 1166 1129 1214 ε

86 1276 114 1318 ιο
128 1251 207 1330 δρος
233 1250 364 1332 πρῶτος
383 1243 486 1325 αὐτὸς
506 1245 607 1332 ἐκβάς
624 1246 682 1313 καὶ
699 1243 780 1332 τούς
798 1241 865 1310 άπδ
886 1247 956 1312 τῶν
969 1243 1089 1334 Ιάλλιιν

126 1345 374 1434 τριακοντόρων
392 1345 573 1434 άναλαβοδν
599 1347 776 1427 ξυνέταττε
801 1344 884 1424 τούς
902 1341 954 1412 άεέ
975 1337 1097 1433 ἐκβαί-’

126 1473 249 1525 νοντας
274 1450 345 1514 τῶν
374 1448 519 1514 λοιπέων·
572 1451 609 1515 οἵ
631 1445 697 1534 γάρ
726 1449 840 1523 ἵππείς
866 1450 992 1533 πρῶτοι
1019 1448 1091 1514 ἐτε-

127 1547 250 1633 τάχατο
276 1546 370 1638 αύτῷ
398 1549 579 1635 ἐκβαίνειν·
622 1547 680 1615 καὶ
698 1543 841 1625 τούτους
859 1543 953 1631 άγων
972 1547 1092 1635 προήει

129 1649 165 1716 ἐν
191 1647 290 1728 τάξει.
336 1654 435 1716 ἐλαθε
462 1647 500 1716 δέ
526 1647 590 1716 ούκ
618 1649 652 1726 ἐς
677 1646 814 1734 βέβαιον
840 1653 966 1734 χωρίον
991 1646 1092 1735 ἐκβάς

88 1777 115 1817 ιε
128 1747 250 1837 ἀγνοίᾳ
277 1753 347 1816 των
372 1748 498 1834 τόπων,
524 1745 610 1816 άλλά
624 1749 673 1826 ’ἐς
699 1752 805 1832 νήσου
822 1743 891 1833 γάρΙ
906 1747 963 1816 καὶ
982 1745 1091 1834 αύτήυ

128 1848 191 1935 μὲν
216 1849 378 1936 μεγάλην,
404 1839 427 1936 ή
446 1847 487 1934 δή
505 1850 562 1916 καί
580 1852 709 1935 μᾶλλον
726 1851 828 1932 νῆσος
847 1838 936 1914 ούσα
956 1853 1093 1935 ἔλαθεν,

129 1947 170 2016 ού
185 1953 299 2041 πολλῷ
313 1947 351 2018 δέ
364 1946 463 2018 ὕδατι
476 1949 560 2037 πρὸς
574 1954 636 2018 τού
650 1949 802 2034 ποταμοῦ
817 1943 1091 2035 ἀποτεμνομένην

128 2048 194 2116 άπὸ
225 2054 284 2135 τής
310 2047 414 2136 ἄλλης
439 2054 508 2136 γῆς.
554 2050 613 2118 καί
638 2045 707 2135 ἅμα
732 2045 868 2135 ηὐξήκει
892 2047 931 2115 τό
948 2045 1043 2137 ὕδωρ
1070 2047 1131 2123 ὁε

129 2149 254 2238 όμβρος
267 2149 391 2238 λάβρος
404 2151 510 2218 τεκαὶ
525 2151 581 2220 ἐπὶ
594 2151 682 2218 πολύ
695 2151 753 2235 τῆς
766 2147 890 2227 νυκτὸς
903 2149 1093 2237 κατασχάν,

89 2278 116 2318 ιο
130 2248 214 2320 ὥστε
241 2249 305 2318 ούκ
339 2249 531 2340 ἐξεύρισκον
557 2246 653 2342 αύτῷ
686 2253 721 2318 οἵ
746 2254 859 2328 ίππείς
884 2247 945 2318 τόν
971 2249 1093 2338 πόρον,

129 2351 186 2419 καὶ
224 2351 299 2430 δέος
337 2341 379 2438 ήν
412 2344 516 2430 αὖθις
547 2349 653 2420 ἄλλον
687 2352 802 2436 δεήσαι
835 2347 928 2440 αύτῷ
961 2351 1016 2418 ἐπῖ
1048 2353 1089 2438 τῇ

130 2449 280 2539 διαβάσει
306 2460 382 2520 ἴσου
408 2454 456 2542 τῷ
483 2451 606 2544 πράτςο
632 2449 751 2520 πόνον.
797 2447 842 2528 εδς
869 2449 907 2517 δὲ
931 2451 1097 2538 ἐξευρέθη

130 2551 210 2620 ποτὲ
237 2550 255 2620 ὁ
282 2551 397 2641 πόρος,
424 2545 486 2640 ήγε
512 2553 585 2622 κατ’
614 2551 722 2620 αύτδν
746 2555 915 2637 χαλεπάς·
958 2541 1003 2637 ήν
1027 2549 1099 2639 γάρ

130 2658 200 2721 τῶν
226 2652 289 2740 μὲν
307 2657 414 2736 πεζῶν
431 2651 520 2742 ύπέρ
536 2653 617 2732 τούς
634 2651 783 2740 μαστούς
800 2651 839 2718 τό
857 2649 953 2737 ύδωρ
972 2656 1098 2740 ἵναπερ
1212 2735 1221 2751 ·

9 2827 11 2846 ‚
91 2753 169 2821 τιτὸ
204 2753 400 2839 βαθύτατον
431 2748 556 2822 αύτοῦ·
606 2755 677 2821 τῶν
709 2751 756 2820 δὲ·
780 2757 895 2821 ἵππων
921 2749 1003 2820 ὅσον
1034 2749 1094 2831 τάς

130 2851 281 2938 κεφαλάς
301 2851 497 2940 ύπερίσχειν
513 2856 573 2922 τοῦ
592 2855 754 2938 ποταμοῦ.
800 2851 844 2932 ύς
864 2850 902 2920 δὲ
919 2852 976 2920 καῖ
993 2853 1094 2922 τοῦτο

132 2952 315 3040 ἐπεπέρατο
341 2948 434 3045 αύτῷ
460 2954 498 3022 τό
522 2951 629 3041 ὕδωρ,
658 2954 714 3022 ε’πῖ
731 2951 794 3040 μέν
810 2951 848 3020 τό
867 2952 976 3032 δεξιόν
993 2954 1092 3042 κέρας
1109 2984 1134 3032 4

130 3052 307 3142 παρήγαγε
332 3053 371 3121 τό
396 3080 432 3122 τε
449 3053 559 3142 ἄγημα
576 3056 646 3124 τῶν
665 3055 796 3124 ίππέων
819 3055 877 3121 καὶ
894 3059 964 3122 τῶν
981 3052 1094 3122 ἄλλων

133 3159 325 3243 ίππαρχιάν
350 3153 432 3235 τούς
450 3163 650 3244 κρατίστους
669 3154 913 3243 ἐπιλεξάμενος·
956 3155 1037 3234 τοδς
1056 3154 1099 3224 δέ-

93 3281 120 3322 οο
134 3255 353 3336 ίπποτοξότας
378 3259 437 3342 τής
463 3257 570 3345 πάσης
598 3260 704 3326 ἵππου
731 3255 906 3343 προέταξε·
955 3259 1024 3324 τῶν
1057 3254 1099 3325 δὲ

32 3349 37 3356 ’
133 3357 241 3437 πεζῶν
267 3355 422 3444 πρύτους
448 3356 511 3446 μὲν
537 3355 619 3438 τούς
636 3351 850 3436 ύπασπιστάς
867 3353 945 3436 τούς
962 3363 1095 3444 βασιλι-

130 3455 228 3543 κούς,
254 3447 303 3526 ὧν
327 3451 441 3547 ήγεττο
461 3459 642 3546 Σέλευκος,
670 3457 807 3539 ἐπέταξε
823 3462 866 3547 τῇ
884 3461 993 3549 ἵππῳ·
1039 3457 1094 3526 ἐπὶ
