2632 3922
210 185 271 252 182
342 163 345 174 '
568 185 820 244 ιιει-ειειιεον

206 346 264 413 καὶ
289 325 502 432 ὑπερύψηλοι
526 343 641 412 έλάται
663 333 750 430 ήδαν
775 346 812 412 ἐν
835 341 950 434 κύκλφ
972 349 1035 412 τοῦ
1053 341 1182 432 ὅρους)

207 451 370 534 κλίμακας
398 447 435 514 ἐκ
461 443 593 514 τούτων
620 447 742 531 ἐποίει,
776 440 822 523 οἱς
847 443 998 513 κάθοδον
1024 442 1111 512 εἶναι
1139 449 1180 524 ἐς

206 545 269 633 τήν
295 543 454 633 φάραγγα
478 550 520 634 τῇ
547 549 702 634 στρατιᾷ·
729 542 770 613 ού
796 541 864 631 γάρ
890 535 933 631 ήν
956 542 1179 624 ἀλλωςκατ·

172 660 191 709 4
208 655 323 715 ελδείν
341 648 375 725 ές
392 643 511 733 αύτήν.
539 647 597 713 καὶ
615 643 675 724 τάς
691 643 755 732 μέν
767 637 893 733 ἡμέρας
907 642 1178 725 αύτόςἈλέξαν·

79 787 82 793 1
209 752 290 837 δρος
315 745 498 834 ἐφειστήκει
521 751 571 836 τῷ
597 751 705 835 ίργφ,
735 744 773 812 τὸ
795 743 898 832 ήμισυ
929 749 991 814 τοῦ
1024 750 1207 834 στρατοῦι

209 853 296 934 έχων
312 847 549 936 ἐργαζόμενον·
562 846 624 926 τάς
637 845 675 914 δέ
687 843 815 925 νύκτας
830 848 866 914 έν
875 845 1177 934 μέρειοίσωματο-

209 948 360 1036 φύλακες
383 944 476 1039 αύτῷ
500 947 692 1034 εἰργάζοντο
712 951 903 1034 Περδίκκας
925 972 963 1016 τε
985 947 1043 1014 καὶ
1063 955 1177 1016 Λεον-

208 1047 308 1127 νάιος
332 1047 389 1114 καὶ
415 1054 624 1134 Πτολεμαῖος
641 1045 660 1114 ό
680 1045 798 1132 Λάγον
815 1049 863 1137 τῷ
881 1047 986 1138 λοιπῷ
1004 1049 1095 1134 μέρει
1112 1049 1176 1133 τής

210 1149 377 1236 στρατιᾶς,
411 1153 506 1236 τριχῆ
533 1147 802 1239 διανενεμημένῳ
828 1144 910 1236 ὅπερ
934 1146 1027 1237 αύτῷ
1052 1149 1086 1226 ἐς
1109 1146 1175 1234 τήν

209 1249 318 1317 νύκτα
336 1248 541 1318 ἐπετέτακτο.
585 1245 712 1334 ήνυτον
731 1246 768 1316 δὲ
786 1249 845 1334 τῆς
863 1247 989 1335 ήμέρας
1007 1245 1048 1316 ού
1068 1253 1175 1316 πλέον
1190 1278 1218 1318 ιο

209 1348 295 1439 ήπερ
318 1358 422 1418 είκοσι
447 1349 560 1435 πήχεις
583 1349 641 1416 καλ
658 1350 717 1434 τῆς
734 1348 860 1427 νυκτός
878 1347 996 1432 ὀλίγον
1013 1346 1175 1435 ἀποδέον,

211 1458 321 1519 καίτοι
338 1449 589 1537 ξυμπάσηςτής
607 1452 764 1538 στρατιάς
783 1449 1018 1537 ἐργαζομένης·
1036 1446 1126 1518 ούτω
1135 1449 1176 1519 τό

211 1578 247 1619 τε
264 1557 388 1638 χωρίον
406 1547 535 1638 ἀπορον
552 1541 599 1635 ήν
615 1549 672 1616 καὶ
689 1549 728 1617 τό
747 1554 847 1637 ἔργον
862 1552 898 1618 έν
912 1545 1012 1640 αύτῷ
1014 1549 1173 1635 χαλεπόν.

176 1668 193 1718 ο
210 1651 380 1730 κατιόντες
395 1649 433 1719 δέ
448 1653 481 1730 ές
494 1649 558 1738 τήν
564 1648 724 1737 φάραγγα
734 1650 930 1730 πασσάλους
938 1650 1174 1736 κατεπήγνυον

211 1755 245 1830 ἐς
273 1749 311 1819 τό
336 1749 500 1831 ὀξύτατον
520 1752 580 1838 τής
605 1749 793 1840 φάραγγος,
819 1751 990 1838 διέχοντας
1016 1748 1173 1836 ἀλλήλων
1188 1781 1214 1821 1⁵

209 1849 291 1921 ὅσον
318 1851 507 1942 ξύμμετρον
533 1849 618 1939 πρός
647 1850 747 1938 ίσχύν
772 1877 808 1921 τε
833 1855 890 1920 καὶ
922 1851 1068 1940 ξυνοχήν
1103 1855 1173 1920 τῶν
1298 1927 1299 1941 χ

211 1954 492 2041 ἐπιβαλλομένων.
534 1952 719 2040 ἐπέβαλλον
743 1951 781 2021 δέ
805 1953 977 2040 πλέγματα
996 1956 1032 2022 έκ
1056 1952 1172 2038 λύγων

210 2061 259 2133 είς
280 2047 437 2142 γεφύρας
463 2052 603 2141 μάλιστα
621 2054 737 2140 ἐδέου,
762 2053 820 2121 καὶ
841 2057 949 2122 ταῦτα
967 2055 1172 2135 ξυνδοῦντες

209 2157 294 2242 χοῦν
320 2152 454 2223 ἀνωθεν
480 2152 683 2241 ἐπεφόρουν,
710 2146 756 2233 ἀς
782 2153 814 2235 ἐξ
830 2151 969 2243 Ιὁμαλοῦ
993 2161 1194 2244 γίγνεσθαι,

209 2259 251 2344 τή
278 2257 415 2344 στρατιᾷ
441 2252 504 2340 τήν
530 2253 701 2342 πρόσοδον
725 2252 788 2340 τήν
820 2257 906 2341 πρὸς
936 2255 999 2341 τήν
1032 2255 1168 2346 πέτραν.
1183 2284 1212 2325 ιο

175 2373 190 2421 6
288 2359 333 2424 Οί
356 2354 394 2423 δὲ
420 2353 583 2442 βάρβαροι
599 2353 640 2422 τά
658 2353 721 2442 μὲν
739 2359 855 2442 πρῶτα
872 2355 1105 2445 κατεφρόνουν
1124 2355 1169 2437 ολς

209 2452 342 2546 ἀπόρου
367 2455 474 2541 πάντη
499 2459 560 2523 τοῦ
586 2455 837 2542 ἐγχειρήματος·
866 2454 911 2537 ολς
929 2456 968 2524 δὲ
985 2457 1170 2544 τοξεύματα

208 2555 272 2643 ήδη
291 2561 340 2634 είς
357 2553 420 2641 τήν
445 2555 570 2643 πέτραν
594 2558 784 2637 ἐξικνοῦντο
808 2558 865 2624 καὶ
890 2554 989 2626 αύτολ
1007 2556 1170 2626 ἀδύνατοι
1295 2583 1296 2589 ’

208 2649 295 2743 ἦσαν
312 2653 447 2725 ἀνωθεν
466 2655 625 2744 ἐξείργειν
648 2653 730 2736 τούς
747 2655 952 2737 Μακεδόνας
975 2655 1169 2748 (ἐπεποίητο

206 2758 275 2845 ’γάρ
302 2755 419 2836 αὐτοῖς
445 2755 711 2845 προκαλύμματα
736 2755 888 2846 πρὸς.τά
914 2759 1007 2847 βέλη,
1034 2756 1080 2839 οῦς
1103 2757 1165 2826 ἀπ’
1181 2787 1209 2829 25
1294 2795 1295 2803 ε

209 2853 327 2938 αύτοῖς
353 2853 511 2946 ἀβλαβοῦς
539 2855 746 2945 ἐργάζεσθαι)
773 2859 948 2944 ἐκπλαγεὶς
966 2857 984 2928 ὁ
1004 2859 1170 2948 Χοριήνης

208 2957 294 3047 πρός
320 2957 362 3026 τά
389 2959 571 3046 γιγνόμενα
597 2957 727 3046 κήρυκα
757 2959 877 3045 πέμπει
908 2958 992 3047 πρός
1014 2958 1168 3040 Ἀλεξαν-
1293 2989 1294 3019 ι

211 3064 304 3148 δρον,
324 3057 481 3146 δεόμενος
497 3056 678 3146 Ὀξυάρτην
692 3062 727 3127 οί
743 3055 953 3147 ἀναπέμψαι·
973 3057 1032 3128 καὶ
1049 3062 1169 3148 πέμπει

175 3175 191 3224 ἰ
206 3157 390 3246 Ὀξυάρτην
406 3156 634 3246 Ἀλέξανδρος.
663 3157 733 3227 ὁδὲ
751 3157 955 3249 ἀφικόμενος
975 3168 1086 3230 πείθει
1102 3171 1167 3232 Χο-
1292 3209 1293 3235 ι

209 3259 327 3346 ριήνην
343 3257 728 3351 έπιτρέψαιἈλεξάνδρφ
743 3259 846 3330 αὐτόν
860 3288 896 3329 τε
909 3263 967 3330 καλ
980 3259 1019 3330 τό
1033 3268 1206 3353 χωρέοντα

207 3366 267 3449 βία
286 3359 348 3446 μὲν
366 3359 433 3447 γάρ
446 3358 550 3428 οὐδὲν
569 3358 631 3428 ὅτι
648 3359 710 3448 ούχ
725 3359 857 3464 άλιιτήν
870 3360 1166 3454 εἶναιἈλεξάνδρφ
1291 3425 1292 3451 ,

207 3461 263 3528 καὶ
281 3465 322 3550 τή
341 3466 477 3554 στρατιᾷ
501 3465 543 3550 τή
569 3463 716 3530 ἐκείνου·
755 3464 787 3541 ές
810 3467 922 3530 πίστιν
948 3461 985 3531 δὲ
1011 3462 1166 3545 ἐλθόντος
