2620 3924
198 148 259 214 132
551 148 804 206 Λεεωιααεον

195 292 298 374 βῆναι
326 294 395 354 τάν
422 289 535 354 ἵππων
565 290 744 354 ἐκέλευσεν
772 285 879 364 οὕτως
901 284 993 364 ὅπως
1015 289 1048 354 οί
1069 291 1161 369 πεζοὶ

161 406 178 455 8
196 385 402 474 ὠπλισμένοι
416 383 516 473 ἦσαν.
544 391 721 472 Νικάνορα
733 388 770 454 δὲ
782 387 842 454 τόν
852 391 921 455 τόν
936 387 1161 455 ὑπασπιστῶν

195 489 345 576 ἡγεμόνα
360 491 415 556 καὶ
431 489 593 556 ’Ἄτταλον
614 488 675 556 τόν
695 493 765 556 τόν
784 488 969 572 Ἀγριάνων
992 489 1075 555 κατά
1097 490 1161 574 τήν

196 589 281 659 δδόν
301 589 422 673 ἥντινα
436 593 473 656 οί
484 589 571 676 ἀμφὶ
585 595 723 675 Βῆσσον
739 590 1068 676 προύκεχωρήκεσαν
1082 591 1161 669 τούς

195 690 468 776 ὑπολειφθέντας
482 689 578 774 άγειν
595 691 767 774 ἐκέλευσε,
790 691 847 756 καί
861 693 1004 770 τούτους
1019 689 1064 770 άς
1079 717 1188 761 κον-τ

169 816 173 829 ‘
197 795 326 877 φότατα
342 793 578 875 ἐσταλμένους,
598 789 676 868 τοός
691 792 729 858 δὲ
744 789 870 869 ἀλλους
884 789 1002 872 πεζοὺς
1018 794 1056 859 ἐν
1070 793 1161 872 τάξει

163 895 350 960 νέπεσθαι.
394 890 495 969 αότός
523 894 560 959 δὲ
588 891 674 977 ἀμφὶ
702 895 819 977 δείλην
846 892 942 976 ἀγειν
976 891 1161 979 ἀρξάμενος

198 995 313 1082 δρόμῳ
334 992 468 1078 ήγείτο·
499 991 648 1060 διελθών
670 991 708 1059 δὲ
730 999 788 1077 της
802 991 925 1071 νυκτός
947 995 1105 1072 σταδίους
1126 996 1162 1072 ἐς

197 1099 437 1181 τετρακοσίους
458 1093 526 1160 ὑπὸ
547 1092 612 1178 τήν
633 1095 677 1159 ἔω
704 1095 919 1178 ἐπιτυγχάνει
941 1107 1010 1172 τοῖς
1030 1098 1159 1181 βαρβά-

199 1219 271 1279 ροις
293 1193 443 1273 ἀτάκτως
465 1197 557 1260 ίοῦσι
578 1197 634 1260 καί
656 1192 833 1278 ἀνόπλοις,
859 1194 946 1262 ὥστε
968 1194 1075 1280 ὀλίγοι
1096 1199 1159 1280 μέν
1174 1226 1199 1265 ιο

195 1321 285 1373 τινες
302 1295 415 1363 αὐτόν
431 1295 477 1373 άς
491 1293 719 1382 ἀμυνούμενοι
741 1293 918 1381 ὥρμησαν,
942 1299 978 1362 οἱ
988 1297 1026 1362 δὲ
1042 1299 1160 1364 πολλοὶ

197 1396 303 1474 εάθός
318 1396 363 1474 ὣς
375 1395 595 1481 Ἀλέξανδρον
610 1396 715 1462 αότδν
730 1397 886 1462 κατεῖδον
901 1395 981 1464 οὐδὲ
998 1399 1032 1474 ές
1046 1408 1161 1482 χεῖρας

197 1499 359 1574 ἐλθόντες
376 1501 538 1582 ἔφευγον·
566 1497 623 1562 καὶ
646 1499 682 1562 ολ
700 1497 881 1580 τραπέντες
903 1499 938 1575 ἐς
959 1497 1066 1582 ἀλκήν
1088 1496 1160 1564 όλί-

149 1619 179 1669 ιο
196 1623 267 1683 γων
289 1599 467 1664 πεσόντων
482 1599 538 1664 καί
561 1589 656 1664 οὗτοι
672 1602 811 1683 ἔφυγον
848 1604 982 1682 Βήσσος
1003 1601 1040 1666 δὲ
1055 1598 1162 1665 καλοί

197 1699 260 1778 ξόν
287 1699 378 1786 αὐτῷ
406 1701 487 1776 τέως
515 1699 578 1784 μὲν
607 1699 650 1782 ἐφ
654 1697 892 1784 ’ἁρμαμάξης
907 1705 1057 1782 Δαρείου
1077 1699 1172 1784 μετά
1167 1728 1198 1768 ιι

196 1806 296 1886 σφων
324 1763 493 1884 ἐάόμιζον·
529 1823 574 1876 ως
600 1797 682 1865 δὲ“
666 1804 752 1884 ομοῦ
773 1791 887 1884 ήδη
864 1823 908 1884 ην
935 1797 1157 1884 Ἀλέξανδρος,

195 1909 348 1985 Δαρειον
362 1901 403 1986 μ
405 1925 426 1965 ν
441 1901 664 1984 Ναβαρζάνης
678 1901 733 1965 καὶ
749 1900 963 1985 Βαρσαέντης
985 1902 1159 1984 κατατρω-

196 2020 317 2078 σαντες
339 1999 446 2066 αὐτοῦ
474 2000 653 2067 ἀπέλιπον·
685 1999 781 2065 αότολ
803 2001 841 2066 δὲ
868 2003 998 2084 ἔφυγον
1019 1999 1081 2079 ξάν
1104 2002 1156 2066 ίπ·

196 2106 319 2167 πεῦσιν
349 2101 542 2178 ἑξακοσίοις.
581 2105 738 2184 Δαρεῖος
753 2101 790 2166 δὲ
812 2099 1022 2186 ἀποθνήσκει
1044 2099 1160 2184 ὀλίγον

194 2201 340 2288 νστερον
374 2203 412 2267 ἐκ
443 2224 514 2266 των
545 2200 748 2286 τραυμάτων
775 2203 857 2287 πρὶν
889 2201 1040 2286 όφθήναι
1064 2199 1157 2266 Ἀλε-
1170 2231 1196 2270 ιο

195 2304 338 2389 ξάνδρφ.

143 2415 187 2482 22
279 2401 496 2485 Ἀλέξανδρος
511 2401 599 2466 δὲ
563 2425 601 2468 το
616 2404 679 2487 μὲν
694 2421 788 2488 σωμα
802 2427 841 2469 το
829 2401 1006 2489 Δαρείου
1022 2405 1057 2480 ἐς
1067 2339 1158 2487 Πέρ-

196 2524 257 2581 σας
292 2507 436 2587 ἔπεμψε,
468 2498 578 2582 θάψαι
611 2505 773 2580 κελεύσας
801 2506 840 2570 ἐν
866 2516 939 2582 ταῖς
970 2508 1159 2588 βασιλικαῖς

193 2607 336 2690 θήκαις,
359 2604 516 2686 καθάπερ
538 2604 596 2669 καλ
618 2605 654 2669 οἱ
673 2603 770 2669 άλλοι
787 2604 823 2670 ολ
842 2603 908 2688 πρδ
923 2610 1074 2688 Δαρείου
1095 2609 1158 2688 βα-

194 2711 313 2783 σιλείς·
337 2705 512 2788 σατράπην
527 2705 565 2769 δὲ
579 2703 732 2783 ἀπέδειξε
744 2708 960 2790 Παρθυαίων
973 2707 1028 2771 καλ
1039 2703 1157 2789 Ὑρκα·
1170 2731 1197 2774 ιι

194 2811 282 2873 νίων
306 2804 532 2890 Ἀμμινάσπην
559 2810 781 2888 Παρθυαῖον·
816 2795 861 2890 ήν
888 2805 926 2872 δὲ
959 2799 1059 2883 οὗτος
1090 2811 1160 2871 τῶν

193 2914 372 2990 Αίγυπτον
415 2897 587 2973 ἐνδόντων
620 2903 827 2992 Ἀλεξάνδρῳ
863 2904 946 2990 μετά
983 2907 1156 2986 Μαζάκου.

198 3008 415 3092 Τληπόλεμος
430 3007 467 3071 δὲ
479 3009 718 3091 Πυθοφάνους
731 3005 800 3071 τόν
814 3006 957 3090 ἑταίρων
971 3006 1158 3091 ξυνετάχθη

193 3107 284 3193 αὐτῷ
307 3119 448 3174 σκοπεῖν
471 3104 511 3171 τά
534 3107 573 3172 έν
595 3110 811 3190 Παρθυαίοις
831 3131 868 3174 τε
888 3107 944 3173 καί
961 3106 1157 3190 Ὑρκανίοις.

160 3225 176 3275 2
282 3213 390 3272 Τοῦτο
412 3208 450 3272 τό
478 3208 573 3284 τέλος
594 3210 731 3292 Δαρείῳ
754 3207 887 3291 ἐγένετο
911 3207 967 3273 ἐπὶ
994 3206 1196 3292 ἀρχοντοςω

189 3308 380 3393 Ἀθηναίοις
414 3307 679 3392 Ἀριστοφῶντος
714 3311 821 3392 μηνός
856 3307 1155 3394 Ἑκατομβαιῶνος,

193 3408 294 3491 ἀνδρὶ
321 3407 362 3475 τά
383 3409 445 3494 μὲν
468 3409 626 3493 πολέμια,
651 3415 744 3494 είτιερ
766 3411 833 3474 τινί
855 3407 964 3495 ἀλλφ,
992 3413 1158 3496 μαλθακῷ
