2620 3924
458 139 642 199 εωιειειε
660 143 689 204 ο,
708 143 749 195 ω.
1022 136 1084 202 129

120 277 230 368 ἀκρον
246 279 309 366 τὴν
328 281 365 348 έν
379 277 592 368 Ἐκβατάνοις
615 281 823 350 καταθέσθαι
848 280 906 348 καὶ
925 278 1084 371 Ἁρπάλῳ

122 383 350 468 παραδοόναι·
368 377 541 467 ’Ἅρπαλον
558 379 625 467 γάρ
640 381 695 449 ἐπί
713 384 782 448 τόν
800 381 979 470 χρημάτων
997 380 1081 449 ἀπέ-

122 489 197 549 λιπε
213 482 271 549 καί
285 481 442 568 φυλακὴν
455 485 525 548 τῶν
542 481 721 569 χρημάτων
735 482 939 562 Μακεδόνας
954 484 988 561 ές
1007 483 1084 563 έξα-

122 589 306 668 κισχιλίους
319 583 377 649 καὶ
393 583 514 661 ἱππέας
527 583 585 650 καὶ
603 582 725 662 ψιλούς
739 581 893 669 ὀλίγους·
921 579 1028 668 αύτόν
1046 582 1084 651 δὲ

95 707 109 748 ι
124 688 350 772 Παρμενίωνα
363 683 444 762 τούς
462 683 580 762 ξένους
593 681 809 771 ἀναλαβόντα
822 685 879 752 καί
892 683 974 762 τούς
989 685 1084 772 Θρηί-

121 809 184 863 κας
201 784 258 852 καὶ
276 780 350 865 ὅσοι
366 781 461 852 ἀλλοι
481 787 594 863 ίππελς
613 784 675 864 ἔξω
688 787 748 870 τῆς
767 787 873 854 ἵππου
887 787 946 870 της
962 785 1085 874 έταιρι-
1142 783 1147 798 '

122 886 182 970 κης
209 883 300 972 παρά
327 883 389 970 τὴν
414 883 530 973 χάραν
555 884 618 972 τὴν
637 890 841 954 Καδουσίων
868 884 1023 954 ἐλαύνειν
1051 888 1085 965 ές

48 1067 59 1080 .
118 983 307 1072 Ὑρκανίαν.
336 992 468 1076 Κλείτῳ
481 983 520 1053 δὲ
532 987 579 1076 τῷ
593 988 652 1071 τῆς
669 988 841 1075 βασιλικῆς
857 994 930 1074 ίλης
947 985 1086 1074 ἡγεμόνι
1102 995 1118 1046 8

124 1087 329 1174 ἐπέστειλεν,
356 1086 492 1154 ἐπειδάν
511 1088 548 1156 ἐκ
566 1085 712 1156 Σούσων
733 1093 782 1167 είς
796 1085 982 1176 Ἐκβάτανα
1000 1086 1085 1174 ἀφί-

85 1212 110 1251 ιο
123 1212 237 1274 κηται,
267 1188 504 1255 καταλέλειπτο
538 1187 605 1275 γάρ
644 1191 681 1255 έν
701 1188 861 1268 ΙΣούσοις
887 1187 1085 1278 ἀρρωστῶν,

124 1286 339 1376 ἀναλαβόντα
351 1286 433 1368 τούς
442 1286 647 1366 Μακεδόνας
657 1286 739 1366 τούς
754 1289 810 1357 έπί
824 1292 893 1356 τόν
906 1289 1086 1377 χρημάτων
1220 1285 1227 1298 ’

123 1388 198 1457 τότε
215 1387 498 1475 ἀπολειφθέντας,
518 1389 605 1457 ίέναι
620 1389 684 1476 τὴν
699 1390 755 1458 ἐπί
769 1397 1008 1479 Παρθυαίους,
1028 1394 1086 1459 ἵνα

124 1490 182 1557 καλ
200 1487 304 1568 αὐτὸς
321 1487 410 1575 ἥξειν
429 1494 573 1577 ἔμελλεν.

202 1588 316 1669 Αύτὸς
335 1590 373 1659 δὲ
391 1589 573 1679 άναλαβύν
590 1591 652 1678 τήν
676 1617 712 1659 τε
729 1595 836 1659 ἵππου
852 1594 923 1659 τόν
942 1593 1138 1680 ἕταίρων20

86 1692 182 1760 τεκαὶ
200 1691 282 1770 τοδς
299 1690 516 1779 προδρόμους
533 1692 591 1759 καί
608 1690 689 1771 τούς
703 1691 936 1780 μισθοφόρους
952 1693 1086 1780 ίππέας,

126 1782 353 1880 ὧνἘρίγυιος
366 1791 493 1879 ἡγεῖτο,
510 1793 568 1860 καὶ
591 1791 654 1878 τὴν
672 1792 831 1879 φάλαγγα
849 1794 1086 1880 Μακεδονικὴν

125 1893 189 1973 ἔξω
205 1895 275 1961 τῶν
294 1895 349 1962 ἐπὶ
367 1907 438 1972 τοϊς
451 1892 595 1982 χρήμασι
607 1895 802 1978 ταχθέντων
819 1893 877 1961 καὶ
893 1894 973 1972 τούς
990 1895 1085 1974 τοξό-

124 2019 185 2072 τας
198 1995 257 2062 καὶ
270 1995 352 2074 τούς
366 1993 542 2085 Ἀγριᾶνας
556 1991 704 2080 ἤλαυνεν
719 1991 764 2072 ύς
779 1995 835 2062 έπί
850 2003 1011 2082 Δαρείου,
1028 1997 1086 2062 καί

126 2091 221 2186 αύτφξ
248 2094 332 2162 κατά
359 2094 420 2181 την
446 2092 529 2163 ὁδὸν
562 2096 696 2182 σπουδῇ
722 2095 926 2182 γιγνομένην
955 2097 1025 2162 τῶν
1051 2121 1086 2163 τε
1111 2137 1113 2142 -

86 2216 113 2258 ιο
126 2199 339 2282 στρατιωτῶν
352 2195 471 2264 πολλοί
485 2193 670 2282 κάμνοντες
683 2192 905 2264 ἀπελείποντο
919 2197 977 2265 καλ
990 2201 1087 2265 ίπποι

125 2295 358 2384 ἀπέθνησκον·
372 2293 459 2363 ἀλλά
466 2296 524 2364 καί
533 2291 578 2376 ἀς
586 2287 659 2383 ἦγε,
668 2294 922 2384 καὶάφικνεῖται
930 2299 963 2376 ές
970 2295 1088 2384 Ῥάγας
1104 2313 1119 2361 2

128 2397 289 2485 ἑνδεκάτῃ
308 2395 424 2486 ἡμέρᾳ.
462 2398 561 2482 διέχει
578 2395 616 2466 δέ
640 2396 658 2464 ό
682 2399 791 2486 χῶρος
809 2387 908 2477 οὗτος
932 2397 998 2466 ἀπό
1017 2401 1087 2466 τῶν

127 2505 294 2567 Κασπίων
324 2500 443 2566 πυλῶν
467 2496 552 2566 ὁδόν
576 2495 703 2587 ἡμέρας
734 2501 811 2586 μιάς
836 2499 1013 2567 ἐλαύνοντι
1042 2495 1088 2578 οδς

7 2639 10 2650 ·
60 2603 66 2612 “
123 2596 339 2687 Ἀλέξανδρος
362 2589 430 2684 ἦγε.
473 2610 619 2688 Δαρεῖος
646 2599 684 2668 δὲ
702 2599 843 2686 έφδάκει
859 2595 922 2686 ἤδη
941 2607 1087 2688 παρείη·

88 2721 115 2763 ιε
127 2699 242 2778 λυθδς
260 2708 340 2768 είσω
352 2701 422 2766 τόν
440 2702 559 2769 πυλάν
576 2703 646 2768 τῶν
664 2706 839 2769 Κασπίων.
864 2702 934 2766 τῶν
948 2699 987 2767 δὲ
1000 2701 1087 2787 ξυμ·

128 2799 329 2886 φευγόντων
348 2808 485 2892 Δαρείῳ
503 2801 622 2868 πολλοὶ
647 2799 710 2887 μεν
733 2798 955 2878 ἀπολιπόντες
980 2798 1088 2868 αὐτόν

128 2903 167 2969 έν
191 2903 233 2989 τῇ
253 2903 348 2989 φυγῇ
369 2903 425 2970 έπλ
443 2902 484 2968 τά
503 2899 618 2970 αὐτῶν
637 2903 770 2969 ἔκαστοι
786 2898 1005 2988 άπεχύρονν,
1024 2900 1088 2970 οὐκ

127 2998 239 3087 ὀλίγοι
260 3000 298 3070 δὲ
321 3003 380 3070 καὶ
403 3000 612 3092 Ἀλεξάνδρφ
638 3005 727 3089 σφᾶς
745 3003 951 3070 ἐνεδίδοσαν.
993 2999 1122 3072 ἈΜ-ε

128 3101 272 3190 ξανδρος
286 3101 324 3171 δὲ
339 3100 385 3181 οδς
399 3101 536 3188 ἀπέγνω
545 3101 630 3170 κατά
644 3102 750 3181 πόδας
764 3102 915 3190 αἱρήσειν
925 3113 1088 3192 Δαρεῖον,

90 3210 246 3289 ωμείνας
276 3201 384 3270 αύτσύ
415 3204 515 3271 πέντε
544 3201 670 3291 ἡμέρας
706 3204 764 3271 καὶ
794 3201 996 3284 ἀναπαύσας
1026 3206 1088 3273 τόν

129 3303 274 3392 στρατόν
288 3308 426 3390 Μηδίας
439 3302 502 3391 μὲν
517 3303 691 3391 σατράπην
705 3302 879 3384 ἀπέδειξεν
894 3303 1088 3394 Ὀξυδάτην,

129 3405 266 3492 Πέρσην
292 3401 421 3494 ἀνδρα,
445 3401 483 3484 ὃς
508 3403 672 3490 ἐτύγχανε
695 3403 780 3493 πρός
799 3413 949 3495 Δαρείου
975 3406 1088 3486 ξυνει-
