2546 3920
442 112 678 178 41441344144‚
695 114 736 167 14.
1009 111 1072 176 311

93 269 218 348 σείσας
247 295 303 356 μοι
333 266 395 338 τόν
430 269 563 355 ἑταῖρον
589 266 706 338 ὅντινα
740 277 815 338 ἴσον
845 271 889 357 τῇ
924 270 1075 364 ἐμαυτοῦ

95 361 271 458 κεφαλῇ
251 395 347 456 ηγον.
390 371 552 456 ἐναγίζειν
568 396 603 438 τε
618 368 668 438 ὅτι
681 367 775 438 ἀεί’
752 397 796 449 ως
814 367 900 456 ἥρωι
888 372 1108 440 ίέκέλευεντ

94 471 335 558 Ηφαιστίωνι,
360 471 461 540 τοῦτο
484 469 551 557 μέν
573 468 659 558 πρός
690 472 759 540 τῶν
789 469 1005 542 πλείστων’
987 498 1073 540 ανα-

97 573 305 660 γέγραπται·
325 596 358 640 οι
352 569 411 640 δε
421 568 640 657 λέγουσινὸτι
650 571 755 640 καὶίεί
755 598 771 650 ς
779 568 960 659 Ἄμμωνος
971 577 1073 659 έπεμ-

63 687 171 755 εψεν
206 671 431 760 ἐρησομένους
461 671 523 740 τόν
549 671 633 742 θεὸν
660 676 692 740 εί
715 673 774 740 καὶ
801 669 846 752 ἀς
874 675 945 762 θεῷ
972 672 1073 761 θόειν

103 787 283 860 συγχωρεῖ
302 770 534 858 Ἡφαιστίωνι·
573 770 634 844 τόν
662 770 701 840 δέ
726 772 767 842 οὐ
795 777 1021 860 συγχωρῆσαι.

179 870 311 942 Εκείνα
320 871 358 948 δέ
372 872 456 961 πρὸς
469 898 606 941 παντων
615 873 898 961 ξυμφυνονμενα,
915 877 948 952 ἐς
958 879 1073 961 τρίτην
1090 881 1108 932 8

100 972 175 1044 ἀπὸ
202 976 263 1042 τοό
296 972 452 1045 θανάτον
478 978 541 1042 τοό
567 973 810 1061 Ἡφαιστιυνος
836 972 966 1096 ἡμέραν
991 973 1074 1061 μήτε

22 1125 25 1132 ·
101 1083 205 1145 σίτου
227 1073 419 1160 γεύσασθαι
440 1060 659 1161 Ἀλεξανδρον
684 1074 766 1162 μήτε
791 1073 867 1144 τινά
885 1081 1074 1161 θεραπείαν

56 1203 86 1244 ιο
101 1173 213 1261 ἀλλην
238 1176 451 1262 θεραπεῦσαι
475 1174 514 1244 τό
541 1177 654 1262 σῶμα,
687 1173 773 1244 ἀλλά
800 1185 934 1244 κεῖσθαι
959 1175 1026 1262 γὰρ
1052 1169 1074 1261 ἦ

101 1271 351 1363 ὀδυρόμενον’“
329 1303 350 1363 η
361 1278 529 1355 πενθικῶς
540 1279 701 1360 σιγῶντα·
720 1275 776 1344 καὶ
790 1275 906 1364 πνράν
918 1280 1075 1344 κελεῦσαι

102 1375 200 1466 αὐτῷ
244 1375 470 1464 ἑτοιμάζεσθαι
511 1379 548 1448 όν
583 1381 765 1464 Βαβυλῶνι
799 1373 864 1446 ἀπὸ
899 1376 1075 1445 ταλάντων

103 1484 256 1566 μυρίων,
283 1481 320 1546 04
343 1475 382 1546 δὲ
407 1475 465 1546 444
490 1475 661 1550 πλειόνων
687 1475 901 1565 ἀνέγραψαν·
937 1477 996 1544 καὶ
1022 1474 1108 1544 ότιθ

104 1579 232 1657 πένθος
247 1587 417 1648 ποιεῖσθαι
434 1579 633 1700 περιηγγέλη
651 1577 736 1646 κατά
754 1582 868 1646 πᾶσαν
881 1576 943 1662 τήν
957 1577 1075 1667 χτόραν

63 1709 90 1746 15
77 1707 168 1766 την
194 1678 383 1768 βάρβαρον·
427 1677 538 1748 ταδ’
517 1704 569 1748 οτι
594 1679 714 1762 πολλοὶ
739 1680 809 1748 τάν
836 1680 892 1748 έτα
894 1685 979 1766 ίρων
1003 1681 1076 1746 τῶν

102 1778 327 1868 Ἀλεξάνδρου
361 1780 396 1858 ές
432 1785 619 1868 θεραπείαν
651 1777 715 1864 τὴν
751 1781 882 1850 ἐκείνου
919 1783 1007 1866 σφᾶς
1038 1805 1077 1846 τε

106 1878 235 1960 αότοός
261 1879 319 1948 καὶ
344 1877 385 1948 τά
413 1876 502 1948 ὅπλα
515 1876 735 1966 Ἡφαιστίωνι
752 1876 922 1948 ἀνέθεσαν
939 1877 1076 1946 ἀποθα-

105 1981 217 2050 νόντι
256 1982 393 2070 πρῶτον
414 1978 453 2050 δὲ
479 1976 616 2067 Εὐμένη
644 1977 740 2070 ἀρξατ
765 1981 826 2048 τοῦ
855 1984 1075 2066 σοφίσματος,

108 2080 223 2152 ὅντινα
257 2075 363 2173 όλίγμ
390 2080 543 2170 πρόσθεν
569 2077 743 2168 ἔφαμεν”
724 2105 774 2148 οτι
800 2081 960 2167 διηνέχθη
987 2079 1075 2166 πρός

66 2211 95 2250 40
105 2177 349 2270 Ἡφαιστίωνα·
382 2181 440 2252 καὶ
465 2185 567 2253 τοῦτο
595 2179 633 2250 δὲ
651 2184 783 2270 δρᾶσαι,
801 2181 848 2272 τῷ
864 2179 1076 2270 Ἀλεξάνδρῳ

109 2283 154 2364 οἱς
180 2282 225 2372 μη
255 2283 441 2371 ἐφήδεσθαι
458 2287 575 2370 δοκοίη
592 2281 830 2370 τελευτήσαντι
844 2279 1075 2369 Ἡφαιστίωνι.

108 2383 237 2454 οὔκουν
269 2382 352 2454 οὐδὲ
378 2381 482 2452 ἀλλον
507 2382 582 2462 τινάΙ
609 2385 722 2465 ἔταξεν
739 2381 815 2452 ἀντὶ
830 2375 1076 2469 Ἡφαιστίωνος
1095 2395 1133 2444 ιο

110 2493 281 2571 χιλίαρχον
308 2485 363 2554 ε’πλ
381 2485 423 2572 τῇ
443 2488 537 2575 ἵππῳ
551 2488 598 2572 τῇ
618 2485 763 2572 ἑταιρικῇ
779 2481 1010 2570 Ἀλέξανδρος,
1029 2474 1077 2562 ὦς

112 2585 154 2671 μὴ
188 2583 345 2652 ἀπόλοιτο
380 2583 419 2654 τὸ
455 2581 563 2670 ὄνομα
596 2589 659 2652 τοό
682 2582 927 2670 Ἡφαιστίωνος
955 2585 992 2653 έκ
1018 2587 1077 2670 τῆς

73 2713 98 2754 νε
112 2685 247 2766 τάξεως·
283 2681 369 2752 ἀλλά
384 2681 627 2770 Ἡφαιστίωνός
649 2709 685 2752 τε
702 2681 723 2768 ἡ
742 2691 907 2770 χιλιαρχία
927 2686 1077 2752 ἐκαλεῖτο

111 2784 229 2853 καὶτὸ
265 2797 406 2872 σημεῖον
432 2779 540 2870 αὐτῆς
566 2781 680 2870 ἡγεῖτο
706 2782 744 2851 τό
773 2783 806 2862 ἐξ
830 2781 1077 2870 Ἡφαιστίωνος

112 2884 346 2972 πεποιημένον.
390 2881 509 2969 ἀγάνά
533 2909 569 2953 τε
596 2882 724 2952 ἐπενόει
748 2887 884 2970 ποιῆσαι
910 2879 1078 2971 γυμνικόν

112 3012 145 3055 τε
163 2987 219 3072 καλ
237 2984 402 3074 μουσικόν
419 2985 541 3072 πλήθει
557 3011 593 3054 τε
611 2990 680 3054 τῶν
697 2979 951 3072 ἀγωνιζομένων
964 2984 1021 3052 καὶ
1034 2986 1076 3072 τῇ

113 3092 156 3167 είς
174 3083 279 3156 αὐτὸν
296 3093 441 3176 χορηγίᾳ
458 3084 549 3156 πολό
565 3088 684 3154 τιτῶν
702 3082 817 3154 ἀλλων
835 3089 904 3154 τῶν
921 3083 1078 3171 πρόσθεν

76 3219 100 3260 ει
113 3186 361 3277 ἀριδηλότερον·
388 3194 592 3277 τρισχιλίους
610 3183 675 3275 γάρ
690 3182 880 3271 ἀγώνιστάς
893 3183 974 3266 τούς
989 3185 1078 3273 ξόμ-

113 3315 235 3370 παντας
254 3288 494 3378 παρεσκεύασε.
535 3288 592 3356 καὶ
610 3277 702 3358 οὗτοι
720 3282 841 3374 ὀλίγον
858 3285 1002 3376 ὕστερον
1021 3281 1076 3354 ἐπ’

110 3388 326 3481 Ἀλεξάνδρου
365 3393 412 3483 τῷ
444 3387 542 3483 τάφςο
575 3387 733 3476 λέγουσιν
767 3387 818 3458 ὅτι
851 3386 1077 3476 ἠγωνίσαντο.
