2572 3920
211 171 256 238 50
565 167 818 229 εαεΞεαΔΡον

214 313 323 394 πύλας
343 309 597 382 ἀποκεκλείκασι
620 327 690 394 τοῖς
714 311 794 401 παρ’
816 310 1038 400 Ἀλεξάνδρου
1062 310 1120 379 καί
1136 307 1179 380 τὲ

213 420 304 502 τείχη
317 413 383 500 ὅπη
397 413 608 500 πεπονηκότα
621 406 664 500 ἦν
676 412 936 500 ἐπισκευάζουσι,
951 417 1056 482 ταῦτα
1064 409 1177 482 πυθό-

214 541 314 603 μενος
333 515 389 582 ἐπὶ
402 511 589 584 Ἀσπένδου
608 511 839 600 ἀνεζεύγνυεν.

165 625 206 689 27
284 614 445 684 Ὤικισται
476 613 514 683 δὲ
543 619 602 702 τῆς
628 612 814 686 Ἀσπένδου
841 613 966 700 τὰμὲν
990 612 1097 682 πολλὰ
1123 613 1180 682 ἐπὶ

215 713 304 806 ἄκρᾳ
318 713 427 805 ὀχυρᾷ
442 715 498 782 καὶ
516 711 673 806 ἀποτόμῳ
691 716 747 784 καὶ
765 713 845 803 παρ’
865 712 972 801 αύτηυ
989 713 1052 802 την
1070 713 1188 804 ἄκραν
1207 742 1224 785 ο

215 815 234 887 6
249 815 460 906 Εὐρυμέδων
474 813 621 904 ποταμός
639 818 705 904 δελ·
734 808 822 903 ἦσαν
839 815 878 884 δὲ
895 812 1010 896 αὐτοῖς
1028 815 1085 883 καὶ
1102 815 1180 902 περὶ

215 922 257 1008 τῇ
289 916 376 1006 άκρηι
410 918 446 985 ἐν
476 921 522 1008 τῷ
548 919 709 1008 χθαμαλῷ
737 913 801 986 ούκ
824 913 932 1002 όλίγαι
956 915 1100 1003 οἰκήσεις
1121 916 1180 983 καὶ

181 1033 198 1082 ε
215 1033 323 1106 τεῖχος
337 1017 569 1104 περιεβέβλητο
582 1015 700 1098 αὐτοῖς
715 1011 757 1086 ού
771 1017 865 1106 μέγα.
890 1015 927 1085 τό
941 1016 1004 1105 μὲν
1017 1015 1059 1104 δὴ
1071 1030 1180 1104 τεῖχος

216 1117 334 1204 εύθύς,
359 1115 404 1197 ύς
421 1118 634 1207 προσάγοντα
649 1115 869 1206 Ἀλέξανδρον
886 1123 1051 1204 ἔγνωσαν,
1071 1118 1179 1185 ἐκλεί-

215 1239 338 1290 πουσιν
368 1218 442 1288 ὅσοι
472 1217 626 1310 ἐπῴκουν
656 1220 712 1286 καὶ
741 1217 800 1298 τάς
829 1223 937 1298 οίκίας
964 1217 1045 1298 ὅσας
1071 1219 1107 1286 ἐν
1130 1223 1178 1308 τῷ
1195 1247 1224 1286 ιο

215 1320 384 1410 χθαμαλῷ·
416 1313 600 1410 ᾠκισμένας
638 1315 702 1387 ούκ
734 1318 875 1388 ἐδόκουν
905 1317 1106 1406 διαφυλάξαι
1136 1315 1181 1415 άν

216 1421 403 1490 δύνασθαι·
448 1416 546 1488 αύτολ
571 1418 610 1488 66
635 1421 669 1498 ἐς
690 1417 752 1506 την
778 1415 886 1507 άκραν
916 1417 1178 1508 ξυμφεύγουσιν.

212 1519 428 1608 Ἀλέξανδρος
459 1519 497 1588 δέ
522 1517 567 1598 ύς
593 1517 731 1606 άφίκετο
757 1518 821 1602 ξύν
843 1525 886 1608 τῇ
910 1519 1068 1608 δυνάμει,
1099 1529 1179 1588 ελσω

215 1626 277 1690 τού
302 1617 428 1709 ἐρήμου
453 1625 583 1707 τείχους
606 1618 790 1708 παρελθών
814 1621 1180 1709 κατεστρατοπέδευσεν

217 1723 255 1790 έν
290 1734 364 1800 ταῖς
403 1726 523 1802 οίκίαις
553 1734 644 1800 ταῖς
656 1721 964 1844 καταλελειμμέναις
994 1717 1078 1810 πρός
1108 1725 1178 1788 τῶν
1194 1751 1223 1794 ιε

182 1817 430 1892 εἈσπενδίων.
478 1825 513 1890 oc
534 1821 573 1890 δὲ
592 1819 835 1890 'Auamma‘
812 1849 856 1902 ως
887 1819 980 1890 εἶδον
1009 1818 1115 1889 αύτόν
1143 1847 1180 1889 τε

214 1918 432 2010 Ἀλέξανδρον
450 1947 518 2011 παρ
516 1918 705 1990 ’”ἐλπίδα
682 1949 805 2010 ηκοντα
823 1921 932 1990 καὶ
896 1949 934 1991 το
953 1920 1179 2010 στρατόπεδον

217 2027 254 2093 ἐν
271 2023 386 2114 κύκλῳ
405 2028 504 2112 σφῶν
521 2022 646 2110 πάντη,
665 2024 855 2110 πέμψαντες
873 2023 1026 2112 πρέσβεις
1045 2021 1179 2090 ἐδέοντο

217 2126 259 2211 ἐφ
259 2093 472 2211 ὀἷσπερ
435 2150 473 2191 το
498 2122 662 2212 πρότερον
678 2125 853 2220 ξυμβῆναι.
888 2124 946 2192 καὶ
961 2121 1179 2209 Ἀλέξανδρος

215 2223 254 2293 τό
283 2250 319 2292 τε
349 2219 517 2311 χωρίον’
501 2221 627 2312 οχυρδν
652 2219 736 2292 ίδύν
759 2224 815 2292 καὶ
839 2222 942 2304 αύτός
966 2222 1011 2304 οἱς
1035 2221 1099 2292 ούκ
1123 2222 1177 2292 ἐπὶ
1192 2255 1221 2294 το

216 2323 352 2452 χρόνιον
369 2329 567 2413 πολιορκίαν
583 2325 909 2449 παρεσκευασμένος
914 2325 967 2395 ἐπὶ
980 2338 1049 2404 τοῖς
1063 2320 1179 2403 αύτοῖς

183 2440 200 2488 4
216 2453 279 2514 μεν
292 2421 414 2493 066¹*
388 2452 432 2548 ρος
446 2424 567 2512 ξυνέβη
581 2421 666 2512 πρὸς
679 2421 818 2504 αύτούς·
843 2423 992 2514 ὁμήρους
1006 2424 1044 2493 δὲ
1057 2428 1180 2494 δούναι

217 2531 316 2614 σφῶν
338 2523 418 2604 τούς
436 2524 690 2606 δυνατωτάτους
709 2526 863 2594 ἐκέλευσε
882 2526 938 2595 καὶ
954 2523 1034 2606 τούς
1052 2528 1178 2624 ἵππους

217 2623 277 2706 ούς
301 2624 454 2714 πρόσθεν
477 2622 698 2714 ὡμολόγησαν
721 2625 822 2694 καὶ
805 2626 923 2696 εκατδν
939 2625 1085 2694 τάλαντα
1102 2611 1179 2694 άντδ

216 2731 284 2796 τῶν
296 2723 523 2813 πεντήκοντα,
547 2753 604 2794 και
593 2726 801 2796 πείθεσθαι
817 2733 865 2820 τῷ
884 2727 1085 2819 σατράπῃ
1053 2731 1100 2795 τῶ
1119 2719 1175 2796 ὑπ’
1193 2757 1222 2799 ετ

213 2823 436 2917 Ἀλεξάνδρου
449 2827 606 2916 ταχθέντι
622 2827 741 2896 καί’
695 2855 823 2917 φόρους
840 2795 1061 2917 άποφέρειν“
1041 2847 1105 2898 οσα
1123 2832 1180 2916 ἔτη

218 2927 411 3016 Μακεδόσι,
437 2957 494 2998 και
483 2926 598 3017 άπερ
615 2955 675 3015 της
692 2927 801 3016 χύρας
819 2925 1071 3018 διακριθηναι“
1049 2957 1093 3016 ην
1109 2934 1179 2998 τῶν

212 3029 426 3120 ,προσχώρων
444 3021 553 3099 ούσαν
570 3034 628 3118 βίᾳ
646 3029 795 3116 κατέχειν
814 3033 851 3099 ἐν
869 3036 960 3121 αίτίμ
976 3022 1074 3118 ἦσαν.

185 3145 201 3194 ο
291 3128 346 3209 Ὡς
365 3129 403 3198 δὲ
420 3129 529 3198 πάντα
547 3133 583 3198 oc
599 3129 825 3219 ἐπεχώρησαν,
843 3126 1017 3216 άνέξευξευ
1036 3133 1069 3213 ές
1086 3133 1180 3222 Πίρ·

219 3258 301 3318 γην,
327 3227 485 3298 κόκεϊθεν
510 3231 543 3309 ἐς
562 3230 770 3318 Φρυγίαν“
743 3251 889 3321 ωρμητο
931 3224 976 3319 ἦν
994 3229 1091 3301 δὲ’
1050 3241 1140 3326 αυτῷ
1159 3261 1222 3320 ηεο
1277 3261 1278 3281 ¹

220 3335 338 3418 πορεια
367 3328 457 3458 παρά
490 3329 682 3420 Τερμησσόν
713 3330 909 3402 πόλιν.οί
936 3332 975 3402 δέ
1005 3305 1182 3425 άνθροόποι
1276 3327 1277 3336 ¹

217 3422 314 3505 οὗτοι
340 3429 378 3499 τό
402 3459 464 3519 μεν
487 3429 584 3518 γένος
608 3437 747 3502 Πισίδαι
769 3434 835 3503 είσί
856 3431 1031 3526 βάρβαροι,
1054 3442 1181 3525 χοιρίον
