2620 3924
389 197 394 211 ,
469 141 652 191 mmm
669 141 695 204 4,
715 142 756 200 ιο.
1038 135 1099 201 169

128 323 188 386 μαι
203 295 258 364 ἐπὶ
279 298 321 383 τῆ
341 291 472 386 α’καίρῳ
486 321 521 364 τε
535 301 705 385 παρρησίᾳ
725 296 783 364 καὶ
803 292 983 386 ὑπερόγκῳ
997 293 1098 384 όβελ·

129 403 239 488 τηρίηι.
265 393 321 482 ἐφ’
338 393 404 487 ὅτῳ
418 403 637 484 τεκμαίρομαι
650 395 695 486 μῆ
709 398 862 482 χαλεπῶς
876 401 1099 482 πιστευθῆναι

129 499 209 576 τούς
226 495 445 576 κατειπόντας
464 497 717 576 Καλλισθένους
731 495 782 565 ότι
798 497 934 587 μετέσχε
951 498 1008 584 τῆς
1027 499 1100 564 ἐπι·

130 603 259 686 βουλῆς
284 601 345 683 τῆς
371 597 554 686 γενομένης
569 595 779 690 Ἀλεξάνδρῳ
807 601 936 668 ἐκτῶν
954 601 1099 688 παίδων,

90 721 104 762 ε
131 699 213 779 τοὺς
240 697 279 766 δὲ
306 697 358 766 ὅτι
384 698 441 766 καὶ
469 701 591 787 ἐπῆρεν
609 697 712 779 αὐτός
732 705 779 779 είς
797 699 834 768 τό
853 702 1099 788 ἐπιβουλεῦσαι.

132 798 255 886 ξυνέβη
282 797 320 867 δέ
346 799 387 866 τοὶ
415 801 473 886 τῆς
493 801 681 888 ,ἐπιβουλῆς
709 790 784 868 ώόε.

206 897 261 970 Ἐκ
289 907 464 970 Φιλίππου
488 893 533 988 ῆν
558 899 622 988 ῆόη
647 900 854 988 καθεστηκός
871 904 940 969 τών
960 903 997 970 ἐν
1014 899 1099 968 τέλει
1113 897 1151 960 13

135 999 349 1072 Μακεδόνων
374 1001 455 1080 τους
483 1006 608 1081 παῖδας
635 1001 708 1070 ὅσοι
741 1003 774 1080 ές
804 1000 940 1090 ῆλικίαν
970 1004 1100 1088 ἐμειρα-

133 1105 272 1170 κιούντο
296 1103 540 1188 καταλέγεσθαι
567 1106 600 1182 ές
625 1109 813 1191 θεραπείαν
838 1105 899 1171 τοῦ
926 1102 1102 1189 βασιλέως,

95 1227 120 1266 ιο
135 1202 177 1270 τό
203 1229 238 1270 τε
264 1202 341 1291 περὶ
366 1201 428 1290 τῆν
454 1201 560 1290 ἄλλην
591 1208 723 1272 δίαιταν
754 1205 815 1272 τοῦ
851 1203 1003 1290 σώματος
1027 1207 1103 1270 δια-
1143 1229 1146 1234 “

135 1313 311 1372 πονεῖσθαι
327 1309 461 1390 βασιλεῖ
476 1304 533 1372 καὶ
551 1303 762 1392 κοιμώμενον
776 1304 963 1391 φυλάσσειν
975 1301 1103 1382 τούτοις

137 1405 376 1494 ἐπετέτραπτο·
404 1404 462 1472 καὶ
488 1401 590 1472 ὁπότε
625 1404 797 1486 ἐξελαύνοι
821 1404 997 1493 βασιλεός,
1023 1403 1104 1482 τούς

137 1511 265 1584 ἵππους
302 1503 397 1594 ’παρὰ
430 1510 501 1574 τών
539 1506 738 1593 ίπποκόμων
774 1507 948 1594 δεχόμενοι
984 1507 1107 1574 ἐκεῖνοι

137 1610 311 1694 προσῆγον
337 1609 394 1676 καὶ
421 1605 609 1694 ἀνέβαλλον
636 1599 729 1676 οὗτοι
754 1606 893 1696 βασιλέα
923 1603 985 1674 τόν
1016 1615 1104 1694 Περ-

98 1743 124 1782 15
139 1705 235 1776 σικὸν
260 1705 387 1794 τρόπον
413 1709 472 1776 καὶ
498 1711 556 1794 τῆς
584 1709 638 1776 ἐπὶ
658 1707 749 1799 θῆρῳ
767 1713 957 1796 φιλοτιμίας
975 1713 1108 1794 βασιλεῖ

138 1808 297 1876 κοινωνοὶ
318 1798 414 1892 ἦσαν.
466 1808 597 1876 τούτων
615 1808 672 1876 καὶ
686 1807 865 1898 Ἑρμόλαος
891 1799 950 1895 ῆν,
980 1804 1140 1876 Σωπόε

139 1913 232 1986 λιλος
255 1906 318 1995 μὲν
342 1921 440 1996 παῖς,
467 1915 653 1999 φιλοσοφία
671 1909 710 1977 δὲ
729 1909 837 1978 ἐδόκει
853 1907 1028 1998 προσέχειν
1046 1905 1106 1975 τὸν

139 2012 226 2078 νοῦν
243 2010 301 2078 καί
316 2009 553 2096 Καλλισθένην
575 2009 780 2098 θεραπεόειν
799 2011 855 2078 έπλ
876 2013 973 2078 τιιόε.
1018 2005 1107 2096 ὑπὲρ

140 2109 264 2178 τούτου
292 2109 395 2196 λόγος
420 2111 550 2197 κατέχει
576 2107 625 2177 ὅτι
652 2112 689 2178 έν
711 2109 802 2200 θῆρα
828 2111 1107 2200 προσφερομένου

101 2246 128 2287 20
137 2207 346 2302 Ἀλεξάνδρῳ
381 2211 463 2290 συός
497 2216 585 2298 ἔφθη
619 2212 734 2298 βαλών
767 2210 828 2280 τόν
850 2215 926 2280 σῦν
953 2205 1107 2298 ὁἙρμό-

143 2319 239 2391 λαος·
267 2313 324 2379 καὶ
351 2308 452 2400 ὁμέν
479 2315 542 2391 σῆς
569 2319 683 2380 πίπτει
707 2318 866 2399 βληθείς,
888 2311 1109 2398 Ἀλέξανδρος

52 2411 55 2416 ’
142 2412 179 2480 δὲ
212 2415 272 2480 τοῦ
305 2418 425 2503 καιροῦ
438 2408 638 2501 ,ὑστερήσας
666 2415 848 2500 ἐχαλέπηνε
874 2415 920 2504 τῷ
935 2409 1108 2502 Ἑρμολάῳ

135 2513 201 2582 καλ
219 2513 348 2584 κελεόει
365 2511 472 2584 αὐτόν
489 2513 575 2601 πρὸς
593 2511 700 2602 ὀργῆν
715 2513 843 2601 πληγὰς
862 2519 979 2602 λαβεῖν
996 2509 1106 2601 όρών·
1204 2523 1210 2534 “

142 2637 211 2682 των
242 2619 311 2684 τῶν
346 2614 459 2684 ἄλλων
492 2617 643 2700 παίδων,
679 2613 736 2682 καὶ
770 2617 830 2683 τὸν
866 2619 970 2684 ἵππον
1002 2611 1108 2682 αὐτοῦ

104 2749 130 2790 ιε
145 2711 313 2802 ἀφείλετο.

227 2819 354 2886 Τοῦτον
371 2813 432 2885 τόν
446 2813 630 2905 Ἑρμόλαον
644 2811 838 2902 ἄλγῆσαντα
851 2817 893 2902 τῆ
910 2811 1008 2904 ὕβρει
1020 2812 1109 2904 φρό-
1128 2833 1146 2880 3

146 2935 201 2986 σαι
231 2915 318 3006 πρός
346 2916 550 3005 Σώστρατον
576 2915 636 2985 τὸν
660 2915 845 3004 Ἀμύντου,
870 2913 1050 3002 ἡλικιώτην
1075 2941 1111 2985 τε

146 3018 268 3088 ἑαυτοῦ
295 3021 352 3088 καλ
381 3015 523 3109 έραστῆν
556 3013 656 3106 ὄντα,
690 3015 739 3086 ότι
765 3016 806 3086 οό
833 3013 957 3103 βιωτόν
984 3019 1019 3085 οἵ
1045 3019 1112 3086 ἐστι

144 3115 191 3207 μῆ
209 3121 472 3212 τιμωρησαμένῳ
486 3117 709 3208 Ἀλέξανδρον
725 3119 783 3205 τῆς
800 3116 949 3206 ὕβρεως,
976 3119 1034 3186 καλ
1051 3118 1112 3186 τὸν

7 3267 8 3284 1
105 3253 132 3293 ει
148 3217 353 3310 Σώστρατον
379 3216 420 3290 οό
456 3221 609 3307 χαλεπῶς
636 3223 818 3308 συμπεῖσαι
847 3233 1025 3307 μετασχεῖν
1050 3222 1111 3286 τοῦ

147 3327 268 3412 ἔργον,
295 3320 355 3392 ι’ίτε
383 3324 519 3412 ἐρῶντα.
538 3339 542 3346 ’
564 3320 633 3390 ὑπό
660 3320 790 3390 τούτων
814 3319 852 3389 δὲ
870 3318 1112 3407 ἀναπεισθῆναι
1130 3333 1148 3379 4

108 3512 110 3516 Ι
142 3417 368 3514 Ἀντίπατρόν
400 3449 436 3492 τε
472 3420 534 3490 τόν
563 3419 854 3511 Ἀσκληπιοδώρου
886 3423 948 3489 τοῦ
982 3427 1113 3503 Συρίας
