2546 3920
429 141 615 194 ιαιυεειε
632 145 657 206 6,
675 144 717 195 ει.
736 144 778 197 τε.
1025 141 1089 206 279

119 297 299 386 τυγχάνειν
317 295 463 386 ὑψηλοῖς
482 297 620 388 ψάμμον
638 305 792 386 βαθείας,
809 293 851 368 ού
869 297 1088 388 νεναγμένης,

120 397 196 468 ἀλλ’
219 404 293 480 οἵας
313 400 470 494 δέχεσθαι
489 399 643 488 καθάπερ
664 402 698 480 ἐς
719 398 827 487 πηλὸν
848 397 870 488 ἡ
891 407 939 469 ἐτι
960 406 1089 489 μᾶλλον
1159 400 1161 403 ’

123 503 157 582 ἐς
181 499 277 587 χιόνα
303 495 475 588 ἀπάτητον
503 502 747 588 ἐπιβαίνοντας.
780 501 838 570 καὶ
857 499 933 589 «ἅμα
961 504 998 571 ἐν
1015 517 1122 582 ταῖςσ

122 600 331 689 προσβάσεσί
354 601 471 670 τεκαὶ
496 607 761 690 καταβαίνοντας
795 600 876 681 τούς
902 628 938 672 τε
963 607 1089 684 ἵππους

93 703 177 772 εκαλ
204 700 285 781 τούς
310 699 471 790 ἡμιόνους
499 708 546 772 ἐτι
562 707 691 791 μᾶλλον
704 713 914 772 κακοπαθεῖν
931 705 978 794 τῷ
997 700 1089 772 άνω-

119 802 217 896 μόλω
234 806 295 890 τής
312 799 398 871 ὁὸοῦ
415 802 512 872 καὶ”
489 829 558 892 αμα
571 829 612 872 ον
602 802 764 896 ’βεβαίφα
791 829 860 872 των
875 803 914 872 6
927 809 1090 891 σταθμῶν

119 905 160 972 τά
186 903 273 992 μήκη
300 903 410 973 πιέσαι
436 901 498 991 οάχ
524 901 641 992 ήκιστα
666 902 729 992 τήν
756 904 931 992 στρατιάν·
959 904 1090 996 ἀπορία

119 1004 188 1130 γάρ
211 993 336 1082 ῦὸατος
362 1003 403 1074 οῦ
430 999 696 1095 ξυμμέτρους
722 1001 854 1094 μάλλόν
880 1031 911 1074 τι
928 997 988 1093 ἡγε
1005 1005 1090 1095 πρός

121 1103 273 1193 ἀνάγκην
298 1101 359 1185 τάς
385 1112 524 1195 πορείας
549 1116 726 1176 ποιεῖσθαι
769 1105 871 1176 ὁπότε
888 1105 957 1231 μὲν
970 1107 1012 1194 δὴ
1030 1135 1089 1194 της
1107 1124 1123 1172 ο

9 1235 12 1240 ·
79 1232 107 1274 ιο
120 1205 243 1286 νυκτὸς
271 1203 471 1286 ἐπελθόντες
496 1205 560 1295 τὴν
584 1202 716 1276 ὁὸὁν”
692 1234 812 1295 ηντινα
838 1205 963 1278 ἀνύσαι
989 1209 1090 1297 ἐχρήν

121 1310 230 1380 ἕωθεν
243 1303 330 1396 πρός
343 1304 439 1397 ῦὸωρ
454 1313 597 1393 ἔλθοιεν,
611 1305 653 1376 οῦ
662 1306 770 1396 πάντη
781 1310 1089 1397 ἐταλαιπωροῦντο·

120 1405 361 1498 προχωρούσης
388 1406 427 1476 66
452 1412 510 1497 τής
535 1406 663 1499 ἡμέρας
680 1407 749 1478 ὁπὸ
767 1407 896 1496 μήκους
914 1414 972 1496 τής
991 1407 1089 1496 ὁὸοῦ,

121 1517 154 1580 εί
177 1505 436 1598 ὁδοιποροῦντες
463 1515 511 1578 ἐτι
537 1511 834 1598 ἐγκαταληφθεῖεν,
863 1512 1014 1579 ἐνταῦθα
1046 1505 1090 1578 ἀν

122 1608 374 1698 ἐταλαιπώρουν
399 1607 483 1698 πρός
509 1615 573 1681 τοῦ
596 1608 769 1699 καύματός
786 1637 821 1680 τε
838 1609 896 1679 καὶ
914 1609 982 1698 ἀμα
999 1615 1090 1693 ὁίιγει

82 1734 108 1808 τε
122 1709 285 1804 ἀπαύστῳ
312 1709 539 1799 συνεχόμενοι.

202 1813 278 1882 Τῶν
310 1811 349 1880 δέ
380 1811 422 1898 δὴ
453 1811 647 1900 ὑποζυγίων
678 1812 785 1892 ’πολύς
816 1809 836 1881 ὁ
868 1812 998 1902 φθόρος
1031 1815 1142 1885 καλ25

1 1925 2 1974 i
121 1911 273 1993 ἑκούσιος
289 1916 331 2005 τῇ
351 1919 490 2004 στρατιή
509 1916 677 2001 ἐγίγνετο·
704 1909 876 1994 ξυνιόντες
890 1914 968 2003 γάρ,
988 1911 1091 1983 ὁπότε

122 2017 286 2084 ἐπιλείποι
300 2017 388 2100 σφάς
400 2011 442 2082 τά
462 2022 550 2084 σιτία
562 2016 619 2082 καὶ
631 2017 701 2084 τῶν
711 2019 832 2082 ίππων
844 2011 926 2094 τούς
940 2013 1091 2094 πολλοῦς

120 2114 370 2202 ἀποσφάζοντες
395 2116 454 2184 καὶ
479 2119 548 2185 τῶν
570 2109 720 2204 ἡμιόνων
744 2114 785 2183 τὰ
803 2114 884 2202 κρέα
904 2116 1088 2202 ἐσιτοῦντο,

30 2301 33 2306 ¹
79 2241 108 2283 εο
120 2217 178 2286 καὶ
196 2222 313 2303 ἔλεγον
339 2219 430 2300 ὁίήει
451 2214 641 2292 ἀποθανεῖν
658 2211 786 2295 αύτούς
812 2211 919 2303 ήὸπὸ
938 2215 1089 2303 καμάτου

120 2315 332 2396 ἐκλιπόντας·
351 2317 408 2385 καὶ
422 2314 441 2386 6
454 2317 516 2407 τὴν
529 2317 704 2407 ἀτρέκειαν
715 2319 777 2385 τοῦ
794 2322 896 2406 ἔργον
911 2316 1089 2403 ἐξελέγξων

118 2415 190 2488 ύπό
215 2443 251 2486 τε
276 2421 337 2486 τοῦ
363 2416 474 2490 πόνου
501 2418 617 2500 οῦὸεὶς
633 2409 677 2506 ἡν
693 2419 752 2488 καὶ
772 2415 822 2486 ὅτι
840 2417 1030 2504 ξύμπαντες
1048 2416 1089 2485 τά

120 2518 207 2587 αότὸι
233 2514 434 2605 ἡμάρτανον.
462 2522 519 2588 καὶ
533 2519 756 2608 Ἀλέξανδρον
773 2518 836 2607 μὲν
855 2517 919 2587 οῦκ
937 2517 1089 2606 ἐλελήθει
1107 2536 1123 2585 2

120 2618 161 2686 τὸι
179 2616 375 2704 γιγνόμενα,
394 2629 484 2688 ίασιν
502 2620 541 2688 66
557 2625 627 2688 τῶν
644 2620 825 2708 παρόντων
845 2619 934 2708 ἑῶρα
952 2618 1014 2707 τὴν
1031 2621 1089 2706 τής

81 2744 108 2785 ει
121 2718 261 2806 ἀγνοίας
279 2727 501 2808 προσποίησιν
524 2719 655 2807 μᾶλλόν
670 2746 702 2788 τι
718 2716 739 2805 ή
756 2719 818 2806 τήν
838 2717 883 2799 ῶς
900 2739 1089 2806 γιγνωσκο-

119 2846 234 2908 μενων
244 2817 515 2908 ἐπιχωρησιν
472 2846 601 2890 ουκουν
615 2816 699 2888 ούὸἐ
711 2816 891 2910 τουςνοσω
901 2845 1090 2907 καμνοντας

119 2924 179 3008 τὴς
183 2921 352 3024 στρατιάς
370 2918 452 2990 0666
465 2919 546 3001 τούς
566 2918 622 2989 ὁιά
636 2919 789 3046 κάματον
798 2915 1092 3008 ἀπολειπομένους

119 3026 159 3092 ἐν
183 3036 257 3102 ταῖς
284 3018 427 3101 ὁὸοῖς”
404 3049 498 3108 αγειν
526 3013 612 3092 ἔτι
590 3049 633 3108 ην
652 3019 809 3110 εὐμαρῶς
826 3018 951 3112 ἀπορίᾳ
968 3047 1004 3089 τε
1020 3027 1089 3089 τῶν

119 3121 311 3245 ὑποζυγίων
338 3120 441 3191 καὶ”
422 3149 472 3192 οτι
492 3121 554 3203 τάς
577 3121 705 3210 ἀμάξας
738 3120 838 3191 αὐτοὶ
870 3122 1088 3210 κατέκοπτον,

80 3250 107 3292 ιο
120 3219 271 3313 ἀπόρους
305 3219 412 3304 οῦσας
445 3221 561 3304 αῦτοῖς
596 3223 666 3292 ὁπὸ
698 3223 830 3310 βάθους
861 3227 922 3310 τής
949 3221 1088 3312 ψάμμον

120 3323 276 3415 άγεσθαι,
297 3321 355 3394 καὶ
370 3321 421 3416 ὅτι
434 3326 472 3394 ἐν
484 3337 555 3404 τοῖς
568 3324 712 3413 πράτοις
727 3334 890 3412 σταθμοῖς
909 3325 964 3393 ὁιά
983 3330 1089 3395 ταῦτα

122 3425 381 3513 ἐξηναγκάζοντο
407 3423 449 3495 ού
476 3423 537 3506 τάς
561 3425 774 3514 βραχυτάτας
794 3425 880 3494 ἰέναι
896 3431 968 3494 τῶν
985 3425 1089 3511 ὁὸῶν,
