2572 3920
191 113 213 178 8
545 109 799 172 ελεΞΔαΔεον

192 253 318 344 ἄπορος
333 241 436 348 ἀύτῷ
461 255 610 343 ἐγένετο,
636 256 693 324 καὶ
718 254 878 342 ἐπανάγει
901 249 1006 344 αύτής
1031 253 1156 347 ἡμέρας
1261 300 1262 330 1

193 355 303 436 σωόυς
322 355 519 444 σύμπαντας
539 357 594 426 ἐπὶ
610 355 649 426 ιδ
670 354 906 446 στρατόπεδον.

159 469 176 516 6
267 455 436 527 Ἐνταῦθα
471 457 634 545 ἀφίκοντο
668 459 823 546 πρέσβεις
859 455 904 538 ῶς
936 455 1157 549 Ἀλέξανδρον

193 557 285 645 παρά
307 585 342 626 τε
364 564 433 627 τῶν
457 557 571 628 ἄλλων
593 557 656 628 ὅσα
681 553 854 647 αὐτόνομα
879 565 963 646 ἔθνη
986 573 1159 649 προσοικεῖ

192 658 365 751 τῶἽστρῳ
375 659 431 727 καὶ
445 658 536 750 παρά
546 659 759 749 Σύρμουτοῦ
774 665 970 750 Τριβαλλῶν
979 662 1154 746 βασιλέως·
1181 691 1194 732 ⁵

193 761 251 829 καλ
268 759 358 850 παρά
372 767 512 830 Κελτῶν
526 761 564 830 δὲ
580 766 652 830 τῶν
666 762 721 830 ἐπὶ
735 765 782 853 τῷ
795 759 904 853 Ἰονίῳ
922 760 1037 854 κόλπῳ
1056 759 1156 855 ρίκισ-

193 863 306 949 μένων
321 853 424 949 ήκον·
450 862 590 951 μεγάλοι
607 867 642 930 οί
653 862 775 932 Κελτοὶ
792 861 833 930 τά
848 861 984 950 στόματα
997 863 1054 930 καὶ
1071 865 1157 950 μέγα

195 964 250 1032 ἐπὶ
265 968 361 1052 σφίσι
374 969 596 1053 φρονοῦντες·
616 962 738 1043 πάντες
752 968 772 1031 δ
775 962 790 1032 ἐ
804 968 916 1050 φιλίας
929 968 988 1050 τῆς
997 959 1156 1045 Ἀλεξάν-

159 1069 279 1154 εδρου
316 1064 482 1161 ἐφιέμενοι
517 1059 611 1152 ήκειν
645 1069 784 1151 ἔφασαν.
832 1065 889 1132 καὶ
919 1070 1022 1133 πᾶσιν
1053 1069 1157 1134 ἔδωκε

194 1172 321 1246 πίστεις
336 1161 553 1254 Ἀλέξανδρος
571 1165 628 1234 καὶ
646 1171 759 1252 ἔλαβε·
777 1163 858 1245 τούς
872 1163 1024 1246 Κελτούς
1042 1164 1081 1233 δὲ
1098 1167 1194 1238 καίεο

194 1262 294 1356 ήρετο
317 1265 338 1334 ὅ
363 1293 394 1334 τι
410 1265 550 1354 μάλιστα
578 1271 758 1336 δεδίττεται
782 1263 908 1346 αύτούς
930 1271 999 1334 τῶν
1017 1263 1156 1354 άνθρω-

194 1374 324 1454 πίνων,
357 1369 493 1448 ἐλπίσας
519 1366 571 1438 ὅτι
594 1369 679 1455 μέγα
704 1365 810 1455 όνομα
840 1365 878 1436 τό
910 1364 1017 1436 αὑτοῦ
1041 1367 1098 1436 καὶ
1123 1370 1156 1447 ἐς

194 1466 344 1550 Κελτούς
377 1469 434 1537 καὶ
466 1474 515 1538 ἔτι
546 1467 746 1558 προσωτέρω
777 1466 851 1556 ήκει
881 1469 937 1536 καὶ
969 1467 1020 1536 ὅτι
1050 1465 1157 1536 αὐτόν

160 1581 177 1630 8
194 1568 336 1657 μάλιστα
359 1569 494 1652 πάντων
519 1569 665 1638 δεδιέναι
682 1567 838 1657 φήσουσι.
869 1575 916 1661 τῷ
935 1568 973 1638 δέ
991 1567 1072 1658 παρ’
1100 1571 1156 1636 ε’λ·

195 1676 278 1740 πίδα
287 1671 411 1758 ξυνέβη
424 1676 494 1741 τῶν
501 1675 643 1740 Κελτῶν
655 1667 676 1757 ἡ
690 1667 880 1759 άπόκρισις·
894 1665 949 1740 οἷα
961 1669 1026 1760 γάρ
1040 1669 1156 1759 πόρρω
1170 1701 1195 1742 ιε
1225 1730 1228 1737 .

194 1800 230 1842 τε
244 1769 420 1864 ᾠκισμένοι
429 1769 648 1861 Ἀλεξάνδρου
662 1771 719 1840 καὶ
732 1778 838 1861 χωρία
851 1769 1156 1860 δύσποραοίκοόν-

194 1899 247 1954 τες
273 1873 329 1940 καί
360 1869 582 1963 Ἀλεξάνδρου
610 1874 643 1954 ἐς
674 1870 759 1940 άλλα
785 1871 847 1959 τήν
875 1869 986 1960 ὁρμήν
1012 1870 1157 1961 ὁρῶντες

195 1980 326 2062 ἔφασαν
350 1976 495 2044 δεδιέναι
517 1973 643 2063 μήποτε
667 1970 685 2042 ὁ
710 1970 858 2062 ούρανος
877 1971 993 2053 αὐτοῖς
1011 1973 1156 2061 ἐμπέσοι.

194 2077 251 2144 καὶ
263 2073 403 2154 τούτους
417 2082 537 2162 φίλους
550 2101 586 2144 τε
599 2071 766 2162 ὀνομάσας
780 2074 837 2142 καὶ
849 2073 1042 2162 ξυμμάχους
1059 2099 1156 2160 ποιή-

195 2175 337 2264 σάμενος
367 2173 476 2244 ὀπίσω
506 2174 700 2266 ἀπέπεμψε,
729 2175 893 2244 τοσούτου
921 2172 1076 2244 δπειπιιν
1106 2174 1195 2249 ὅτιω

196 2272 350 2360 άλαξόνες
369 2282 494 2346 Κελτοί
509 2282 604 2346 είσιν.

152 2383 175 2449 5
225 2417 227 2421 ·
264 2374 378 2458 Αὐτός
392 2377 431 2446 δὲ
445 2375 497 2446 ἐπ’
514 2374 700 2466 Ἀγριάνων
712 2376 769 2446 καὶ
782 2375 941 2450 Παιόνων
954 2372 1156 2466 προύχόρει.

195 2485 280 2548 ἔνθα
294 2478 335 2566 δή
354 2477 489 2565 άγγελοι
506 2476 668 2565 ἀφίκοντο
681 2473 773 2570 αὐτῷ
786 2476 930 2548 Κλεῖτόν
943 2505 979 2547 τε
991 2476 1051 2547 τόν
1063 2487 1156 2566 Βαρ-

195 2579 306 2649 δύλεω
330 2577 516 2668 άφεστάναι
540 2576 761 2665 ἀγγέλλοντες
784 2579 841 2646 καὶ
858 2585 1031 2649 Γλαυκίαν
1048 2599 1155 2667 προσ-

192 2681 416 2769 κεχωρηκέναι
438 2677 531 2771 αύτῶ
555 2678 615 2748 τόν
642 2686 859 2750 Ταυλαντίων
881 2682 1033 2766 βασιλέα·
1060 2685 1096 2748 οί
1117 2680 1194 2753 δέοι

194 2781 251 2850 καὶ
276 2779 356 2861 τούς
380 2778 591 2868 Αὐταριάτας
623 2777 844 2866 ἐπιθήσεσθαι
868 2776 962 2872 αύτῷ
986 2779 1069 2850 κατά
1093 2780 1157 2868 τήν

195 2889 335 2970 πορείαν
368 2882 579 2971 ἐξήγγελλον·
615 2874 664 2950 ῶν
691 2880 733 2968 δή
765 2883 863 2950 ἕνεκα
888 2881 970 2950 κατά
1002 2882 1157 2970 σπουδήν

160 2991 177 3040 2
197 2982 303 3052 ε’δόκει
316 2981 570 3070 ἀναζευγνύναι.
609 2981 788 3071 Λάγγαρος
807 2982 845 3050 δὲ
860 2980 877 3051 ὁ
892 2987 961 3051 τῶν
972 2976 1157 3072 Ἀγριάνων

195 3083 351 3170 βασιλεύς
370 3091 416 3152 ἔτι
438 3083 501 3172 μέν
525 3083 581 3152 καὶ
602 3089 771 3154 Φιλίππου
790 3088 909 3165 ζῶντος
932 3081 1159 3172 ἀσπαζόμενος

192 3183 413 3272 Ἀλεξάνδρον
448 3189 548 3272 δήλος
578 3175 622 3271 ἦν
651 3183 708 3252 καὶ
740 3187 810 3275 ίδίςι
842 3185 1044 3274 ἐπρέσβευσε
1074 3184 1155 3273 παρ’
1170 3219 1196 3258 ιο

195 3283 318 3372 αὐτόν,
342 3285 415 3354 τότε
438 3285 477 3354 δὲ
498 3291 611 3376 παρῆν
629 3283 721 3378 αὐτῷ
738 3283 821 3373 μετά
838 3291 907 3356 τῶν
923 3283 1157 3374 ὑπασπιστῶν,

195 3387 298 3468 ὅσους
322 3413 358 3472 τε
380 3393 579 3468 καλλίστους
603 3387 659 3455 καὶ
678 3385 923 3468 εὐοπλοτάτους
941 3385 1026 3476 άμφῖ
1051 3386 1158 3458 αὐτόν
