2632 3922
225 137 291 202 270
586 131 839 195 unffi-*Amor

226 294 266 364 δὲ
280 293 374 386 αύτῷ
389 292 539 382 ἡγεμόνα
552 296 615 362 τοῦ
628 296 729 380 πλοῦ,
747 292 799 362 ὅτι
812 294 1025 382 πεφεύγεσαν
1039 299 1076 364 οί
1085 293 1204 383 ταύτῃ

225 394 338 481 Ἰνδοί,
366 394 564 484 άποράτερα
588 394 631 464 τά
647 397 710 464 τοῦ
728 394 902 464 κατάπλου
921 387 978 482 ἦν
1018 395 1148 482 χειμάν
1164 421 1203 463 τε

229 500 433 584 ἐπιγίγνεται
467 498 504 576 ἐς
532 495 594 583 τὴν
620 494 805 585 ὑστεραίαν
837 495 903 564 άπό
929 502 988 583 τῆς
1015 495 1201 582 ἀναγωγῆς

227 599 285 667 καὶ
311 597 330 666 ὁ
356 595 477 684 ἄνεμος
503 601 551 688 τῷ
578 595 648 688 βόςο
672 598 785 666 πνέων
802 595 1005 676 ὑπεναντίος
1023 595 1146 666 κοῖλόν
1163 622 1201 664 τε

229 703 334 768 ἐποίει
358 697 420 766 τόν
446 697 598 784 ποταμόν
629 698 688 766 καὶ
721 699 762 766 τά
789 698 902 785 σκάφη
929 699 1080 783 διέσειεν,
1108 696 1225 766 ῦστεε

230 798 399 886 ἐπόνησαν
414 797 506 889 αύτῷ
521 803 560 868 αί
575 805 728 868 πλεῖσται
743 803 813 866 τῦν
831 800 934 867 νεῶν·
961 801 1031 868 τῦν
1050 797 1090 868 δὲ
1101 825 1198 886 τρια-

228 899 402 988 κοντόρων
427 905 516 968 ἐστιν
533 906 574 968 αλ
587 900 644 967 καί
663 898 771 986 πάντη
790 899 1005 987 διελύθησαν.
1037 904 1199 986 ἔφθασαν

228 1000 267 1070 δὲ
300 1003 536 1079 ἐποκείλαντες
562 997 668 1078 αύτάς
694 1001 777 1088 πρὶν
803 999 995 1068 παντάπασι
1020 1003 1198 1068 διαπεσεῖν

193 1104 266 1177 εέν
291 1103 338 1193 τῷ
364 1097 472 1170 ὕδατι.
513 1102 622 1189 ἕτεραι
648 1091 713 1168 οῦν
741 1100 1004 1187 ξυνεπήγνυντο.
1041 1102 1100 1170 καὶ
1127 1105 1199 1169 τῶν

228 1204 338 1284 ψιλῶν
363 1201 445 1281 τούς
471 1201 706 1288 κουφοτάτους
734 1202 906 1288 ἐκπέμψας
927 1204 960 1282 ές
977 1201 1038 1288 τὴν
1057 1219 1197 1290 προσω-
1211 1228 1234 1266 ιι

227 1304 312 1390 τόρω
325 1304 384 1389 τῆς
392 1299 495 1390 ὄχθης
508 1300 623 1392 χάραν
636 1300 864 1390 ξυλλαμβάνει
875 1300 969 1382 τινάς
982 1303 1051 1370 τῦν
1061 1301 1197 1390 Ἰνδῦν,

226 1403 284 1472 καὶ
311 1394 405 1472 οῦτοι
421 1401 459 1470 τό
479 1401 545 1471 άπδ
564 1407 665 1472 τοῦδε
685 1403 867 1490 ἐξηγοῦντο
884 1401 978 1493 αύτςῦ
996 1402 1057 1472 τόν
1075 1402 1195 1491 πόρον.

228 1502 274 1582 εός
300 1503 339 1572 δὲ
365 1493 449 1589 ἧκον
476 1507 596 1593 ἵναπερ
622 1501 795 1589 άναχείται
822 1507 856 1584 ἐς
879 1494 977 1593 εὖρος
995 1500 1013 1571 ό
1032 1503 1196 1590 ποταμός,

228 1603 274 1682 ῦς
308 1604 365 1672 καί
399 1607 592 1684 διακοσίους
617 1603 725 1692 ταύτη
757 1609 916 1684 σταδίους
950 1603 1078 1691 ἐπέχειν
1105 1595 1196 1693 ᾗπερ

227 1703 410 1791 εὐρύτατος
436 1698 540 1785 αύτός
566 1703 672 1774 αῦτοῦ
699 1696 761 1793 ἦν,
793 1704 832 1773 τό
857 1731 894 1774 τε
919 1708 1053 1793 πνεῦμα
1077 1703 1231 1794 κατῄειυ

226 1805 312 1894 μέγα
337 1803 404 1873 άπὸ
431 1809 489 1893 τῆς
517 1806 579 1886 ἔξω
603 1803 778 1894 θαλάσσης
795 1808 852 1874 καὶ
871 1810 910 1874 αί
924 1811 1033 1874 κῦπαι
1052 1809 1090 1875 ἐν
1107 1806 1192 1874 κλύ-

227 1913 309 1977 δωνι
347 1911 500 1994 χαλεπάς
538 1900 745 1996 άνεφέροντο
783 1904 1036 1995 ξυμφεύγουσιν
1077 1898 1123 1976 αὖ
1162 1909 1195 1986 ἐς

228 2007 379 2095 διύρυχα
407 2010 440 2088 ἐς
465 2005 584 2095 ἥντινα
601 2013 638 2076 οί
652 2006 814 2096 ἡγεμόνες
832 2006 928 2098 αύτῷ
944 2006 1193 2094 καθηγήσαντο.

178 2111 218 2178 19
301 2106 470 2178 Ἐνταῦθα
502 2107 714 2195 ὁρμισάντων
746 2107 785 2176 τό
816 2107 958 2196 πάθημα
990 2110 1196 2194 ἐπιγίγνεται
1276 2193 1277 2197 ¹

227 2235 285 2294 της
302 2207 448 2295 μεγάλης
473 2207 694 2296 θαλάσσης*
656 2237 695 2378 ίη
719 2207 879 2296 άμπωτις,
907 2207 990 2278 ὥστε
1017 2209 1072 2277 ἐπὶ
1090 2210 1229 2296 ξηροῦεο
1275 2285 1276 2312 1

227 2303 482 2395 άπελείφθησαν
496 2306 613 2389 αύτοίς
630 2314 671 2378 αί
684 2311 772 2396 νῆες.
800 2311 972 2379 καὶτοῦτο
990 2307 1087 2378 οῦπω
1105 2309 1192 2398 πρό·

227 2434 325 2497 τερον
344 2407 508 2494 ἐγνωκόσι
524 2423 595 2490 τοῖς
613 2408 687 2498 άμφ
690 2409 936 2501 ’Ἁλέξανδρον
956 2413 1114 2498 ἔκπληξιν
1130 2410 1193 2498 μὲν

226 2511 285 2578 καὶ
319 2508 403 2578 αύτδ
437 2508 478 2578 ού
507 2510 650 2599 σμικράν
676 2511 851 2634 παρέσχε·
879 2509 967 2581 πολύ
996 2511 1035 2580 δὲ
1071 2510 1114 2599 δη
1146 2517 1194 2580 ἐτι

226 2609 405 2698 μειῖονα
387 2611 489 2679 οπότε
515 2607 712 2700 διελθούσης
738 2615 797 2700 τῆς
824 2608 913 2700 ῦρας
937 2610 1078 2700 προσῄει
1103 2637 1138 2680 τε
1155 2611 1192 2681 τό

193 2709 324 2802 νῦδωρ
356 2713 414 2780 καὶ
439 2709 480 2780 τά
507 2712 619 2802 σκάφη
647 2714 907 2802 ἐμετεωρίζοντο.
953 2711 1034 2808 ὅσας
1060 2739 1123 2800 μευ
1149 2712 1190 2800 δὴ
1204 2731 1227 2771 ²⁵
1273 2769 1274 2782 ,

226 2814 295 2882 τῦν
320 2818 408 2882 νειῦν
428 2815 465 2882 έν
482 2839 529 2906 τφ
514 2817 641 2906 πηλῷ
662 2815 798 2904 εδραίας
815 2814 1011 2902 κατέλαβεν,
1038 2803 1138 2882 αῦται
1156 2813 1193 2883 δε
1273 2813 1274 2822 ’

227 2913 385 3003 άβλαβῦς
417 2941 453 2984 τε
492 2917 781 3005 ἐμετεωρίσθησαν
812 2916 870 2984 καὶ
903 2913 1007 2984 οῦδὲν
1045 2913 1191 3000 χαλεπόν

227 3018 401 3085 παθοῦσαι
420 3020 539 3084 ἔπλεον
557 3006 674 3096 αὖθις·
701 3012 833 3085 όσαιδὲ
851 3018 888 3086 ἐν
906 3015 1067 3105 ξηροτέρα
1084 3040 1121 3084 τε
1146 3021 1190 3105 γῇ
1272 3091 1273 3100 2

228 3115 285 3184 καλ
311 3115 353 3184 ού
380 3121 526 3204 βεβαίως
551 3114 613 3202 τὴν
631 3115 749 3185 στάσιν
767 3123 903 3204 ἔχουσαι
920 3114 1189 3285 ὑπελείφθησαν,
1272 3115 1273 3196 λ

230 3206 330 3284 αῦται
356 3215 395 3284 δὲ
420 3209 553 3304 άθρόου
582 3216 785 3297 ἐπελθόντος
811 3221 872 3286 τοῦ
900 3216 1049 3305 κύματος
1076 3221 1115 3286 αί
1129 3215 1225 3305 μενεο
1272 3199 1273 3286 λ

231 3314 346 3384 αύτῦν
373 3317 578 3402 ἐμπεσοῦσαι
605 3318 638 3396 ές
664 3315 824 3404 άλληλας,
850 3321 888 3386 αί
911 3317 950 3387 δὲ
975 3318 1060 3405 πρὸς
1086 3343 1127 3406 τη
1147 3323 1189 3407 γῇ

196 3433 214 3481 3
234 3415 433 3504 άραχθεισαι
451 3416 587 3506 ξυνετρί
584 3423 703 3504 βησαν.
737 3417 861 3495 ταύτας
878 3443 914 3486 τε
932 3407 996 3486 οὖν
1011 3417 1190 3488 ἐπεσκεύα-
