2620 3924
234 189 275 256 36
486 157 487 161 ‘
579 181 840 270 ἐκεεεαιεοτ

235 331 423 420 εὐφλέκτου
445 329 672 419 ἐμπλήσαντες
699 329 764 399 δύο
798 329 988 409 ίστούςέπλ
1013 331 1055 418 τῇ
1075 330 1201 422 πρρόρρι

234 431 511 522 καταπηγνύουσι
534 433 591 500 καὶ
624 428 662 500 ἐν
695 425 812 522 κύκλςό
843 429 1131 520 περιφράσσουσιν
1164 433 1200 511 ἐς

234 533 316 604 ὅσον
338 534 567 623 μακρότατον,
587 531 633 614 ἀς
656 531 810 622 φορυτόν
833 559 869 602 τε
885 533 995 622 ταύτῃ
1015 535 1072 602 καὶ
1090 536 1200 624 δᾷδας

234 633 315 716 όσας
340 643 497 715 πλείστας
529 635 704 716 δέξασθαι·
733 633 818 722 πρὸς
849 633 887 703 δέ
916 641 1043 703 πίσσαν
1074 659 1110 703 τε
1139 635 1199 702 καλ

234 750 331 807 θεῖον
362 739 420 806 καλ
451 731 513 805 ὅσα
539 735 627 804 ἀλλα
659 739 703 830 ἐς·
722 735 761 804 τὸ
789 735 1021 825 παρακαλέσαι
1047 735 1198 823 μεγάλην
1225 764 1240 804 5

200 831 348 926 ’κφλόγα
371 836 426 906 ἐπὶ
450 837 557 926 ταύτη
581 835 807 927 ἐπεφόρησαν.
844 835 1044 926 παρέτειναν
1072 836 1112 906 δὲ
1139 837 1197 904 καὶ

234 946 374 1029 κεραίαν
387 942 510 1025 διπλῆν
528 937 585 1008 ἐπὶ
602 953 675 1017 τοϊς
695 944 800 1017 ίστοῑς
815 937 1032 1026 ἀμφοτέροις,
1050 939 1107 1006 καὶ
1128 935 1197 1006 ἀπό
1277 937 1291 966 ‘⁴

233 1041 358 1128 ταύτης
376 1039 560 1128 ἐξήρτησαν
578 1037 616 1108 ἐν
631 1039 767 1128 λέβησιν
786 1037 848 1108 ὅσα
866 1039 1073 1127 ἐπιχυθέντα
1086 1035 1108 1126 ή
1121 1036 1197 1107 ἐπι·

233 1141 404 1230 βληθέντα
435 1139 492 1210 ἐπὶ
522 1140 609 1230 μέγα
638 1142 701 1228 τήν
736 1140 849 1228 φλόγα
885 1139 1019 1223 ἐξάψειν
1052 1146 1196 1228 ἔμελλεν.

236 1243 363 1334 ἐρματό
380 1269 416 1311 τε
434 1241 469 1322 ἐς
481 1243 544 1331 τήν
562 1243 723 1332 πρύμναν
737 1241 913 1330 ἐνέθεσαν,
931 1247 994 1311 τού
1015 1239 1130 1330 ἐξᾶραι
1148 1248 1198 1321 είς
1213 1272 1240 1313 ιο

217 1343 324 1426 ’ὕψος
353 1344 416 1430 τήν
447 1347 588 1436 πρῷραν
615 1345 805 1433 πιεζομένης
835 1344 920 1412 κατὰ
947 1343 1108 1432 πρύμναν
1137 1345 1197 1430 τής

202 1458 218 1508 3
238 1445 329 1526 νεός.
376 1451 488 1514 ἔπειτα
514 1443 638 1532 ἄνεμον
660 1445 863 1534 τηρήσαντες
888 1444 934 1525 ὥς
959 1443 1015 1514 ἐπὶ
1038 1443 1076 1512 τό
1102 1447 1197 1532 χῶμα

235 1545 440 1635 ἐπιφέροντα
458 1545 640 1628 ἐξάψαντες
654 1548 801 1635 τριήρεσι
813 1548 876 1633 τήν
892 1550 983 1615 ναῦν
997 1543 1068 1614 κατ’
1090 1545 1197 1633 ούρόιν

236 1643 357 1717 εἷλκον.
395 1645 441 1727 ός
466 1646 505 1716 δὲ
523 1646 681 1730 ἐπέλαζον
701 1647 764 1736 ήβη
789 1650 836 1739 τῷ
854 1673 891 1717 τε
907 1648 1035 1735 χύματι
1051 1649 1107 1715 καλ
1125 1662 1198 1734 τοῖς

236 1749 391 1837 πύργοις,
409 1751 479 1837 πῦρ
493 1747 695 1838 ἐμβαλόντες
708 1757 757 1829 είς
775 1750 838 1836 τήν
851 1745 940 1838 ὕλην
954 1750 1011 1816 καὶ
1030 1746 1076 1827 τός
1089 1747 1196 1836 βιαιό
1212 1774 1236 1815 ιε

235 1875 319 1920 τατα
336 1847 405 1938 ἅμα
429 1866 505 1930 ταῖς
522 1849 690 1940 τριήρεσιν
709 1849 997 1929 ἐπανελκύσαντες
1020 1849 1085 1936 τήν
1107 1854 1197 1918 υαύν

235 1950 426 2022 ἐνσείουσιν
444 1949 537 2043 ἄκρῳ
554 1955 602 2042 τῷ
620 1952 762 2039 χύματι·
788 1950 886 2021 αὐτοὶ
905 1951 943 2021 δέ
968 1956 1004 2020 ολ
1026 1948 1063 2018 ἐν
1080 1953 1122 2040 τῇ
1140 1955 1200 2038 νηῒ

200 2066 219 2116 4
235 2052 396 2141 καιομένη
414 2050 477 2140 ήδη
493 2053 688 2138 ἐξενήξαντο
703 2052 744 2121 ού
762 2056 924 2140 χαλεπῶς.
956 2054 1013 2120 καί
1033 2055 1070 2121 ἐν
1088 2051 1198 2143 τούτῳ

235 2152 256 2242 ή
271 2181 306 2222 τε
319 2152 404 2241 φλόξ
419 2155 526 2240 πολλή
542 2151 696 2222 ἐνέπιπτε
709 2169 781 2233 τοῖς
799 2154 942 2242 πύργοις
951 2155 1008 2222 καλ
1022 2158 1062 2221 αλ
1068 2169 1197 2242 κεραῖαι

236 2263 509 2343 περικλασθεῖσαι
526 2253 661 2342 ἐξέχεαν
679 2253 713 2334 ἐς
729 2255 769 2324 τὸ
782 2259 853 2344 πῦρ
871 2253 933 2324 ὅσα
952 2253 985 2334 ἐς
1005 2257 1122 2336 ἔξαψιν
1139 2257 1196 2342 τῆς
1210 2283 1235 2322 το

235 2356 364 2445 φλογός
382 2355 680 2444 παρεσκευασμένα
697 2346 749 2442 ήν.
777 2361 813 2424 οί
827 2355 866 2426 θέ
884 2355 952 2425 ἀπό
967 2359 1037 2425 τεόν
1052 2357 1197 2445 τριηρῶν

235 2465 380 2545 πλησίον
405 2459 468 2524 τού
496 2457 648 2545 χώματος
674 2455 947 2544 ἀνακωχεύοντες
979 2455 1134 2538 ἐτόξευον
1163 2455 1197 2536 ἐς

234 2558 316 2637 τούς
334 2551 508 2647 πύργους,
536 2558 582 2638 ύς
604 2559 650 2647 μή
674 2556 825 2646 ἀσφαλὲς
851 2558 938 2628 εἶναι
960 2559 1102 2629 πελόσαι
1126 2557 1196 2629 όσοι

202 2657 436 2748 ὃσβεστήριόν
461 2683 493 2726 τι
517 2663 559 2749 τή
587 2653 691 2747 φλογὶ
719 2661 893 2750 ἐπέφερον.
937 2663 995 2730 καί
1022 2659 1061 2730 ἐν
1087 2660 1197 2752 τούτῳ

234 2759 467 2848 κατεχομένων
484 2757 548 2850 ήθη
566 2759 604 2829 ἐκ
621 2764 682 2832 τοῦ
700 2763 808 2850 πυρὸς
826 2767 895 2830 τῶν
913 2763 1057 2851 πύργων
1074 2759 1196 2852 ἐκθρα-
1210 2787 1236 2830 κ

235 2862 355 2950 μόντες
373 2859 411 2930 ἐκ
429 2865 488 2948 τής
507 2863 634 2942 πόλεως
654 2864 774 2932 πολλοὶ
791 2865 849 2932 καὶ
868 2861 902 2944 ἐς
920 2864 1053 2952 κελήτια
1070 2861 1197 2953 ἐμβαίν-

234 2989 287 3042 τες
312 2959 397 3052 ἄλλη
424 2965 483 3031 καλ
506 2962 592 3052 ἀλλη
617 2963 851 3045 ἐποκείλαντες
875 2968 937 3034 τοῦ
962 2965 1114 3054 χύματος
1137 2965 1198 3036 τόν

235 3089 271 3132 τε
296 3065 427 3152 χάρακα
452 3061 493 3134 ού
517 3066 671 3151 χαλεπῶς
698 3065 883 3136 διέσπασαν
909 3066 972 3134 τόν
998 3068 1063 3156 πρὸ
1090 3065 1197 3136 αύτοῦ

236 3161 511 3253 προβεβλημένον
529 3165 586 3233 καλ
604 3165 665 3245 τάς
678 3167 830 3253 μηχανὰς
844 3167 1021 3254 ξυμπάσας
1035 3169 1200 3255 κατέφλεα

200 3276 218 3325 6
237 3267 297 3346 ξαν
312 3262 393 3345 ὅσας
410 3265 455 3352 μή
470 3265 509 3334 τὸ
528 3264 595 3334 ἀπὸ
614 3270 673 3352 τῆς
686 3267 772 3347 νεός
787 3274 858 3358 πύρ
872 3267 1021 3356 ἐπέσχεν.
1041 3269 1199 3351 Ἀλέξαν-
1211 3297 1237 3338 ιο

235 3373 316 3451 ὃρος
335 3365 374 3435 δὲ
400 3366 439 3434 τό
465 3393 501 3435 τε
527 3369 623 3455 χῶμα
651 3366 718 3436 ἀπό
745 3372 803 3454 τῆς
827 3369 970 3460 ἠπείρου
989 3369 1199 3460 ἀρξαμένους

235 3467 446 3557 πλατύτερον
456 3469 641 3557 χωννύναι,
653 3467 698 3549 τός
709 3467 854 3552 πλέονας
864 3471 1201 3563 θέξασθαιπύργους,
