2572 3920
205 132 250 198 26
559 131 811 194 ΑΔΕΞΑΝΔΡΟΤ

208 280 336 363 έχομεν.
363 271 443 357 τούς
456 271 522 362 γάρ
540 285 721 366 πολεμίους
734 274 775 346 οὐ
791 281 880 345 δοκεῖ
893 273 1068 364 τολμήσειν
1081 273 1170 347 πολύ

207 381 255 468 τῷ
273 382 359 469 πεζῷ
378 378 594 465 λειπομένους
609 385 754 466 πλησίον
770 377 868 466 ήμῶν
882 373 1094 465 αὐλισθήναι,
1112 379 1171 445 καὶ

208 475 314 567 ταότη
333 478 487 564 παρέξειν
501 481 609 548 ἕωθεν
624 475 772 560 εὐπετῶς
785 484 833 571 τῷ
848 481 977 570 στρατῷ
996 483 1171 564 διαβαλεῖν

208 577 269 647 τόν
298 577 421 667 πόρον·
465 575 713 668 ὑποφθάσομεν
742 578 806 669 γάρ
839 576 936 648 αὐτοὶ
965 577 1170 674 περάσαντες
1247 635 1252 645 ,

170 679 292 767 4τιρὶν
318 682 467 760 έκείνονς
492 683 525 760 ές
555 680 648 762 τάξιν
673 688 909 774 καθίστασθαι.
943 684 1011 750 νύν
1041 678 1079 748 δέ
1105 675 1171 748 οὐκ
1196 708 1212 750 ε

192 777 399 861 -άκινδόνως
417 807 473 869 μοι
496 786 664 870 δοκοῦμεν
682 781 900 871 ἐπιχειρήσειν
924 785 971 872 τῷ
990 785 1095 873 έργφ,
1120 779 1172 848 ὅτι

210 877 273 969 οὐχ
291 876 366 950 οἶόν
384 907 420 950 τε
445 883 483 950 έν
506 882 648 976 μετώπῳ
666 881 720 951 διά
742 889 805 952 τού
829 887 981 970 ποταμοῦ
999 879 1094 968 άγειν
1109 879 1171 949 τόν

210 981 363 1070 στρατόν.
406 981 514 1051 πολλά
537 982 601 1070 μὲν
624 982 690 1071 γάρ
714 980 821 1053 αὐτού
844 981 961 1072 ὁράται
982 982 1109 1070 βαθέα,
1134 983 1174 1049 αί

211 1082 249 1151 δέ
266 1081 366 1170 ὄχθαι
383 1075 482 1152 αὐται
498 1081 581 1175 ὁρᾷς
599 1081 649 1153 ότι
665 1082 877 1173 ὑπερύψηλοι
893 1085 950 1152 καλ
963 1081 1171 1173 πρημνάδας

172 1183 299 1252 ὃείσλν
322 1189 360 1252 αί
380 1181 510 1253 αὐταῖν·
552 1182 701 1266 άτάκτως
724 1212 760 1254 τε
785 1178 850 1254 οὐν
872 1185 930 1252 καὶ
949 1183 1035 1252 κατά
1058 1184 1169 1273 κέρας,
1184 1214 1210 1254 ιο

212 1277 298 1374 ᾗπερ
312 1281 570 1373 ἀσθενέστατον,
590 1288 803 1374 ἐκβαίνουσιν
818 1289 1040 1355 ἐπικείσονται
1054 1287 1087 1365 ές
1100 1282 1170 1374 φά-

211 1394 320 1472 λαγγα
343 1387 603 1474 συντεταγμένοι
625 1393 695 1455 τῶν
718 1394 887 1476 πολεμίων
912 1391 948 1456 οἱ
963 1385 1171 1480 ίππεῖςζκαὶ

210 1483 248 1554 τό
266 1491 400 1575 πρῶτον
418 1486 554 1575 σφάλμα
578 1492 613 1568 ές
636 1514 673 1556 τε
697 1486 738 1556 τά
756 1487 911 1578 παρόντα
927 1487 1083 1576 χαλεπόν.
1113 1486 1170 1554 καὶ

213 1588 246 1666 ές
263 1585 326 1673 τήν
348 1584 437 1676 ὑπὲρ
461 1586 586 1668 παντός
609 1593 671 1657 τοῦ
688 1590 837 1678 πολέμου
859 1594 972 1677 κρίσιν
989 1586 1169 1676 σφαλερόν.

72 1746 76 1751 ,
173 1691 195 1741 ⁶
284 1684 500 1778 Ἀλέξανδρος
518 1689 573 1774 δέ,
591 1693 698 1758 ταύτα
714 1690 795 1778 μέν,
814 1695 890 1778 ἔφη,
910 1681 937 1758 οἷ
955 1695 1169 1777 Παρμενίων,
1183 1717 1208 1758 ιε
1235 1761 1237 1766 ,

183 1838 194 1860 .
212 1787 405 1874 γιγνώσκω·
432 1785 633 1878 αίσχύυομαι
650 1791 706 1878 δέ,
726 1795 759 1859 εί
772 1789 835 1859 τόν
851 1789 914 1878 μὲν
926 1787 1171 1877 Ἑλλήσποντον

213 1891 327 1976 διέβην
344 1885 504 1977 εὐπετῶς,
521 1895 622 1960 τούτο
640 1891 696 1978 δέ,
715 1889 856 1981 σμικρόν
874 1894 998 1980 ῥεῦμα,
1017 1889 1106 1960 οὕτω
1123 1894 1171 1982 τῷ

213 1988 350 2078 ὀνόματι
365 1988 432 2058 τόν
449 1989 617 2078 Γρανικὸν
635 1993 860 2080 ἐκφαυλίσας,
885 1993 984 2081 εἴρξει
1005 1989 1091 2080 ήμάς
1109 1994 1171 2059 τού

173 2089 257 2179 Ίμή
287 2085 328 2158 οὐ
358 2094 512 2177 διαβῆναι
544 2089 588 2170 άς
612 2097 740 2180 ἔχομεν.
775 2093 832 2161 καὶ
854 2096 956 2161 τοῦτο.
979 2088 1058 2162 οὐτε
1087 2089 1171 2180 πρός

213 2189 426 2261 Μακεδόνων
448 2196 507 2277 τής
531 2190 630 2278 δόξης
654 2189 734 2261 οὐτε
756 2191 840 2277 πρὸς
856 2198 916 2280 τής
935 2195 1014 2281 έμής
1033 2194 1066 2273 ές
1091 2190 1208 2272 τούςιο

212 2289 396 2369 κινδύνους
409 2287 567 2379 όξύτητος
580 2297 754 2380 ποιούμαι’
768 2290 1019 2384 ἀναθαρρήσειν
1032 2319 1067 2362 τε
1080 2297 1171 2362 δοκεῖ

211 2390 291 2471 τούς
310 2390 444 2479 Πέρσας
462 2389 506 2473 ὡς
529 2389 727 2481 ἀξιομάχους
752 2393 947 2464 Μακεδόσιν
972 2390 1090 2482 ὄντας,
1121 2393 1172 2463 ὅτι

213 2489 317 2562 οὐδέν
324 2488 419 2573 άξιον
427 2498 486 2561 τοῦ
500 2499 598 2582 σφῶν
608 2494 707 2574 δέους
722 2496 759 2564 έν
772 2498 818 2588 τῷ
832 2501 1022 2582 παραυτίκα
1031 2501 1170 2564 ἔπαθον.

117 2685 120 2690 Ι
161 2588 205 2652 34
294 2599 407 2662 Ταῦτα
426 2594 532 2663 είπύν
547 2602 773 2684 Παρμενίωνα
786 2595 849 2684 μὲν
867 2597 922 2665 ἐπὶ
938 2594 975 2665 τό
994 2593 1171 2683 εὐιόνυμον

213 2696 312 2781 κέρας
335 2695 456 2782 πέμπει
479 2692 709 2784 ἡγησόμενον,
734 2693 836 2776 αὐτός
861 2696 900 2765 δὲ
924 2697 978 2765 ἐπὶ
1000 2695 1037 2767 τό
1062 2695 1171 2779 δεξιόν
1182 2724 1208 2766 ετ

212 2801 351 2883 παρῆγε.
393 2797 652 2884 προετάχθησαν
682 2797 720 2866 δέ
751 2794 846 2889 αὐτῷ
874 2801 937 2866 τού
966 2797 1030 2884 μέν
1061 2801 1172 2880 δεξιοῦ

214 2896 364 2976 Φιλώτας
389 2893 407 2964 ὁ
426 2903 686 2986 Παρμενίωνος,
711 2903 797 2984 έχων
820 2896 900 2979 τούς
925 2900 1076 2987 ἑταίρους
1093 2897 1172 2978 τούς

214 2997 334 3077 ἱππέας
364 2997 420 3065 καὶ
445 2996 524 3077 τούς
554 2996 688 3078 τοξότας
711 2997 767 3064 καλ
792 2997 873 3079 τούς
894 2997 1070 3087 Ἀγριάνας
1092 2998 1172 3079 τούς

210 3095 424 3176 άκοντιστάς·
447 3094 612 3185 Ἀμύντας
635 3097 674 3166 δέ
696 3094 929 3187 δἈρραβμίου
953 3099 1033 3181 τούς
1056 3127 1092 3169 τε
1109 3120 1169 3169 σα-

213 3194 437 3285 ρισσοφόρους
451 3198 572 3278 ἱππέας
588 3204 673 3286 ἔχων
688 3195 823 3290 Φιλάτμ
842 3199 1009 3290 ἐπετάχθη
1021 3202 1079 3270 καὶ
1091 3199 1171 3280 τούς
1184 3228 1210 3270 so
1277 3175 1279 3280 λ

175 3311 195 3360 2
215 3303 365 3379 Παίονας
382 3298 439 3366 καλ
456 3296 518 3386 τήν
537 3307 613 3386 ίλην
629 3291 691 3387 τήν
710 3299 920 3390 Σωκράτους.
967 3301 1117 3390 ἐχόμενοι
1134 3301 1172 3370 δέ
1278 3291 1279 3374 Ῠ

213 3397 343 3468 τούτων
370 3399 561 3489 ἐτάχθησαν
571 3405 614 3488 ,οἱ
628 3397 836 3470 ὑπασπισταὶ
853 3408 922 3471 τῶν
941 3404 1099 3494 ἑταίρων,
1124 3395 1172 3472 ὦν
1278 3417 1279 3440 ¹
