<?xml version="1.0" encoding="UTF-8"?>
<!DOCTYPE html PUBLIC "-//W3C//DTD XHTML 1.0 Transitional//EN"
    "http://www.w3.org/TR/xhtml1/DTD/xhtml1-transitional.dtd">
<html xmlns="http://www.w3.org/1999/xhtml" xml:lang="en" lang="en">
 <head>
  <title>
</title>
<meta http-equiv="Content-Type" content="text/html;charset=utf-8" />
  <meta name='ocr-system' content='tesseract 3.04.00' />
  <meta name='ocr-capabilities' content='ocr_page ocr_carea ocr_par ocr_line ocrx_word'/>
</head>
<body>
  <div class='ocr_page' id='page_1' title='image "./arrianianabasis01arrigoog_0325.png"; bbox 0 0 2546 3920; ppageno 0'>
   <div class='ocr_carea' id='block_1_1' title="bbox 226 139 832 212">
    <p class='ocr_par' dir='ltr' id='par_1_1' title="bbox 226 139 832 212">
     <span class='ocr_line' id='line_1_1' title="bbox 226 139 832 212; baseline -0.003 -12"><span class='ocrx_word' id='word_1_1' title='bbox 226 145 293 212; x_wconf 82' lang='lat'><strong><em>308</em></strong></span> <span class='ocrx_word' id='word_1_2' title='bbox 580 139 832 204; x_wconf 67' lang='grc' dir='ltr'><strong><em>ΔΔΕΕΔΝΔΡΟΤ</em></strong></span> 
     </span>
    </p>
   </div>
   <div class='ocr_carea' id='block_1_2' title="bbox 226 295 1190 396">
    <p class='ocr_par' dir='ltr' id='par_1_2' title="bbox 226 295 1190 396">
     <span class='ocr_line' id='line_1_2' title="bbox 226 295 1190 396; baseline -0.003 -22"><span class='ocrx_word' id='word_1_3' title='bbox 226 331 293 385; x_wconf 87' lang='grc' dir='ltr'><strong><em>τως</em></strong></span> <span class='ocrx_word' id='word_1_4' title='bbox 320 301 406 374; x_wconf 73' lang='grc' dir='ltr'><strong><em>εἶναι</em></strong></span> <span class='ocrx_word' id='word_1_5' title='bbox 444 304 531 393; x_wconf 80' lang='grc' dir='ltr'><strong><em>πρὸς</em></strong></span> <span class='ocrx_word' id='word_1_6' title='bbox 568 305 686 391; x_wconf 67' lang='grc' dir='ltr'><strong><em>θυμοῦ</em></strong></span> <span class='ocrx_word' id='word_1_7' title='bbox 711 301 804 396; x_wconf 76' lang='grc' dir='ltr'><strong><em>αῦτρῑ</em></strong></span> <span class='ocrx_word' id='word_1_8' title='bbox 825 300 1052 392; x_wconf 86' lang='grc' dir='ltr'><strong><em>Ἀντίπατρον.</em></strong></span> <span class='ocrx_word' id='word_1_9' title='bbox 1079 295 1190 342; x_wconf 82' lang='grc'><em>****</em></span> 
     </span>
    </p>
   </div>
   <div class='ocr_carea' id='block_1_3' title="bbox 161 399 1219 1298">
    <p class='ocr_par' dir='ltr' id='par_1_3' title="bbox 224 399 441 494">
     <span class='ocr_line' id='line_1_3' title="bbox 224 399 441 494; baseline -0.009 -18"><span class='ocrx_word' id='word_1_10' title='bbox 224 399 441 494; x_wconf 83' lang='grc' dir='ltr'><strong><em>Ἡφαιστίων.</em></strong></span> 
     </span>
    </p>

    <p class='ocr_par' dir='ltr' id='par_1_4' title="bbox 180 497 1219 898">
     <span class='ocr_line' id='line_1_4' title="bbox 180 497 1184 598; baseline -0.007 -19"><span class='ocrx_word' id='word_1_11' title='bbox 180 521 220 588; x_wconf 88' lang='grc'><strong><em>13</em></strong></span> <span class='ocrx_word' id='word_1_12' title='bbox 315 508 435 598; x_wconf 74' lang='grc' dir='ltr'><strong><em>Τοότςο</em></strong></span> <span class='ocrx_word' id='word_1_13' title='bbox 452 511 500 598; x_wconf 75' lang='grc' dir='ltr'><strong><em>τῷ</em></strong></span> <span class='ocrx_word' id='word_1_14' title='bbox 519 505 611 598; x_wconf 75' lang='grc' dir='ltr'><strong><em>λόγῳ</em></strong></span> <span class='ocrx_word' id='word_1_15' title='bbox 627 503 811 586; x_wconf 80' lang='grc' dir='ltr'><strong><em>ἀπείξαντα</em></strong></span> <span class='ocrx_word' id='word_1_16' title='bbox 819 497 1043 593; x_wconf 73' lang='grc' dir='ltr'><strong><em>Ἡφαιστίωνα</em></strong></span> <span class='ocrx_word' id='word_1_17' title='bbox 1056 512 1184 573; x_wconf 85' lang='grc' dir='ltr'><strong><em>συναλ·</em></strong></span> 
     </span>
     <span class='ocr_line' id='line_1_5' title="bbox 227 603 1188 708; baseline -0.007 -30"><span class='ocrx_word' id='word_1_18' title='bbox 227 613 372 695; x_wconf 76' lang='grc' dir='ltr'><strong><em>λαγῆναι</em></strong></span> <span class='ocrx_word' id='word_1_19' title='bbox 399 604 557 708; x_wconf 79' lang='grc' dir='ltr'><strong><em>Εῦμένει,</em></strong></span> <span class='ocrx_word' id='word_1_20' title='bbox 583 605 648 694; x_wconf 79' lang='grc' dir='ltr'><strong><em>οάχ</em></strong></span> <span class='ocrx_word' id='word_1_21' title='bbox 665 605 782 676; x_wconf 79' lang='grc' dir='ltr'><strong><em>ἐπόντα</em></strong></span> <span class='ocrx_word' id='word_1_22' title='bbox 806 606 923 676; x_wconf 82' lang='grc' dir='ltr'><strong><em>ἑκόντι.</em></strong></span> <span class='ocrx_word' id='word_1_23' title='bbox 963 609 1001 676; x_wconf 80' lang='grc' dir='ltr'><strong><em>ἐν</em></strong></span> <span class='ocrx_word' id='word_1_24' title='bbox 1017 603 1124 694; x_wconf 83' lang='grc' dir='ltr'><strong><em>ταῦτη</em></strong></span> <span class='ocrx_word' id='word_1_25' title='bbox 1143 609 1188 692; x_wconf 80' lang='grc' dir='ltr'><strong><em>τῇ</em></strong></span> 
     </span>
     <span class='ocr_line' id='line_1_6' title="bbox 227 703 1219 800; baseline -0.007 -22"><span class='ocrx_word' id='word_1_26' title='bbox 227 703 300 800; x_wconf 77' lang='grc' dir='ltr'><strong><em>ὁδῷ</em></strong></span> <span class='ocrx_word' id='word_1_27' title='bbox 326 710 384 777; x_wconf 81' lang='grc' dir='ltr'><strong><em>καὶ</em></strong></span> <span class='ocrx_word' id='word_1_28' title='bbox 409 708 448 777; x_wconf 83' lang='grc' dir='ltr'><strong><em>τῦ</em></strong></span> <span class='ocrx_word' id='word_1_29' title='bbox 482 713 601 778; x_wconf 78' lang='grc' dir='ltr'><strong><em>πεδίον</em></strong></span> <span class='ocrx_word' id='word_1_30' title='bbox 634 709 762 794; x_wconf 85' lang='grc' dir='ltr'><strong><em>λέγεται</em></strong></span> <span class='ocrx_word' id='word_1_31' title='bbox 797 712 882 776; x_wconf 79' lang='grc' dir='ltr'><strong><em>ἰδεῖν</em></strong></span> <span class='ocrx_word' id='word_1_32' title='bbox 904 705 1124 796; x_wconf 80' lang='grc' dir='ltr'><strong><em>Ἀλέξανδρον</em></strong></span> <span class='ocrx_word' id='word_1_33' title='bbox 1149 705 1219 774; x_wconf 81' lang='grc' dir='ltr'><strong><em>τόε</em></strong></span> 
     </span>
     <span class='ocr_line' id='line_1_7' title="bbox 228 807 1187 898; baseline -0.005 -18"><span class='ocrx_word' id='word_1_34' title='bbox 228 810 488 898; x_wconf 81' lang='grc' dir='ltr'><strong><em>ἀνειμένρνταίς</em></strong></span> <span class='ocrx_word' id='word_1_35' title='bbox 497 813 613 888; x_wconf 76' lang='grc' dir='ltr'><strong><em>ἵπποις</em></strong></span> <span class='ocrx_word' id='word_1_36' title='bbox 626 824 699 888; x_wconf 81' lang='grc' dir='ltr'><strong><em>ταῖς</em></strong></span> <span class='ocrx_word' id='word_1_37' title='bbox 712 816 909 897; x_wconf 78' lang='grc' dir='ltr'><strong><em>βασιλικαῖς,</em></strong></span> <span class='ocrx_word' id='word_1_38' title='bbox 923 807 1008 877; x_wconf 87' lang='grc' dir='ltr'><strong><em>αῦτό</em></strong></span> <span class='ocrx_word' id='word_1_39' title='bbox 1020 834 1056 876; x_wconf 90' lang='grc' dir='ltr'><strong><em>τε</em></strong></span> <span class='ocrx_word' id='word_1_40' title='bbox 1068 812 1187 876; x_wconf 89' lang='grc' dir='ltr'><strong><em>πεδίον</em></strong></span> 
     </span>
    </p>

    <p class='ocr_par' dir='ltr' id='par_1_5' title="bbox 161 906 1215 1298">
     <span class='ocr_line' id='line_1_8' title="bbox 161 906 1187 998; baseline 0.001 -24"><span class='ocrx_word' id='word_1_41' title='bbox 161 969 165 974; x_wconf 92' lang='grc'><strong><em>.</em></strong></span> <span class='ocrx_word' id='word_1_42' title='bbox 228 915 383 978; x_wconf 74' lang='grc' dir='ltr'><strong><em>Νυσαίου</em></strong></span> <span class='ocrx_word' id='word_1_43' title='bbox 401 909 610 998; x_wconf 82' lang='grc' dir='ltr'><strong><em>καλεόμενον</em></strong></span> <span class='ocrx_word' id='word_1_44' title='bbox 627 909 684 980; x_wconf 81' lang='grc' dir='ltr'><strong><em>καὶ</em></strong></span> <span class='ocrx_word' id='word_1_45' title='bbox 702 914 741 978; x_wconf 70' lang='grc' dir='ltr'><strong><em>αι’</em></strong></span> <span class='ocrx_word' id='word_1_46' title='bbox 756 915 851 978; x_wconf 76' lang='grc' dir='ltr'><strong><em>ἵπποι</em></strong></span> <span class='ocrx_word' id='word_1_47' title='bbox 867 906 917 977; x_wconf 81' lang='grc' dir='ltr'><strong><em>ὅτι</em></strong></span> <span class='ocrx_word' id='word_1_48' title='bbox 928 916 1074 978; x_wconf 80' lang='grc' dir='ltr'><strong><em>Νυσαῖοι</em></strong></span> <span class='ocrx_word' id='word_1_49' title='bbox 1090 913 1187 994; x_wconf 80' lang='grc' dir='ltr'><strong><em>κληϊ·</em></strong></span> 
     </span>
     <span class='ocr_line' id='line_1_9' title="bbox 225 1009 1185 1098; baseline -0.006 -17"><span class='ocrx_word' id='word_1_50' title='bbox 225 1021 338 1096; x_wconf 85' lang='grc' dir='ltr'><strong><em>ζουται</em></strong></span> <span class='ocrx_word' id='word_1_51' title='bbox 355 1011 443 1096; x_wconf 91' lang='grc' dir='ltr'><strong><em>λέγει</em></strong></span> <span class='ocrx_word' id='word_1_52' title='bbox 456 1010 650 1098; x_wconf 87' lang='grc' dir='ltr'><strong><em>Ἡρόδοτος·</em></strong></span> <span class='ocrx_word' id='word_1_53' title='bbox 677 1009 762 1080; x_wconf 84' lang='grc' dir='ltr'><strong><em>εἶναι</em></strong></span> <span class='ocrx_word' id='word_1_54' title='bbox 779 1010 817 1080; x_wconf 76' lang='grc' dir='ltr'><strong><em>δέ</em></strong></span> <span class='ocrx_word' id='word_1_55' title='bbox 834 1010 935 1078; x_wconf 84' lang='grc' dir='ltr'><strong><em>πάλαι</em></strong></span> <span class='ocrx_word' id='word_1_56' title='bbox 946 1009 1008 1097; x_wconf 72' lang='grc' dir='ltr'><strong><em>μὲν</em></strong></span> <span class='ocrx_word' id='word_1_57' title='bbox 1023 1012 1056 1088; x_wconf 89' lang='grc' dir='ltr'><strong><em>ἐς</em></strong></span> <span class='ocrx_word' id='word_1_58' title='bbox 1069 1033 1185 1077; x_wconf 87' lang='grc' dir='ltr'><strong><em>πεντε-</em></strong></span> 
     </span>
     <span class='ocr_line' id='line_1_10' title="bbox 228 1101 1187 1200; baseline -0.005 -19"><span class='ocrx_word' id='word_1_59' title='bbox 228 1116 370 1181; x_wconf 87' lang='grc' dir='ltr'><strong><em>καίδεκα</em></strong></span> <span class='ocrx_word' id='word_1_60' title='bbox 387 1111 554 1200; x_wconf 77' lang='grc' dir='ltr'><strong><em>μυριάδας</em></strong></span> <span class='ocrx_word' id='word_1_61' title='bbox 571 1117 641 1180; x_wconf 79' lang='grc' dir='ltr'><strong><em>τοῖν</em></strong></span> <span class='ocrx_word' id='word_1_62' title='bbox 659 1115 786 1180; x_wconf 79' lang='grc' dir='ltr'><strong><em>ἳππων·</em></strong></span> <span class='ocrx_word' id='word_1_63' title='bbox 808 1101 899 1193; x_wconf 61' lang='grc' dir='ltr'><strong><em>,τότε</em></strong></span> <span class='ocrx_word' id='word_1_64' title='bbox 916 1110 954 1180; x_wconf 78' lang='grc' dir='ltr'><strong><em>δέ</em></strong></span> <span class='ocrx_word' id='word_1_65' title='bbox 968 1109 1187 1196; x_wconf 84' lang='grc' dir='ltr'><strong><em>Ἀλέξανδρον</em></strong></span> 
     </span>
     <span class='ocr_line' id='line_1_11' title="bbox 228 1209 1215 1298; baseline -0.008 -16"><span class='ocrx_word' id='word_1_66' title='bbox 228 1211 271 1283; x_wconf 87' lang='grc' dir='ltr'><strong><em>οῦ</em></strong></span> <span class='ocrx_word' id='word_1_67' title='bbox 302 1214 389 1282; x_wconf 86' lang='grc' dir='ltr'><strong><em>πολῦ</em></strong></span> <span class='ocrx_word' id='word_1_68' title='bbox 424 1220 583 1293; x_wconf 87' lang='grc' dir='ltr'><strong><em>πλείονας</em></strong></span> <span class='ocrx_word' id='word_1_69' title='bbox 615 1215 685 1281; x_wconf 77' lang='grc' dir='ltr'><strong><em>τῶν</em></strong></span> <span class='ocrx_word' id='word_1_70' title='bbox 715 1213 815 1281; x_wconf 90' lang='grc' dir='ltr'><strong><em>πέντε</em></strong></span> <span class='ocrx_word' id='word_1_71' title='bbox 848 1219 1060 1298; x_wconf 78' lang='grc' dir='ltr'><strong><em>καταλαβεῖν·</em></strong></span> <span class='ocrx_word' id='word_1_72' title='bbox 1105 1209 1215 1298; x_wconf 83' lang='grc' dir='ltr'><strong><em>πρόςιι</em></strong></span> 
     </span>
    </p>
   </div>
   <div class='ocr_carea' id='block_1_4' title="bbox 193 1311 1249 1937">
    <p class='ocr_par' dir='ltr' id='par_1_6' title="bbox 228 1311 1094 1403">
     <span class='ocr_line' id='line_1_12' title="bbox 228 1311 1094 1403; baseline -0.005 -19"><span class='ocrx_word' id='word_1_73' title='bbox 228 1319 365 1403; x_wconf 81' lang='grc' dir='ltr'><strong><em>ληστῦυ</em></strong></span> <span class='ocrx_word' id='word_1_74' title='bbox 390 1315 458 1402; x_wconf 78' lang='grc' dir='ltr'><strong><em>γὰρ</em></strong></span> <span class='ocrx_word' id='word_1_75' title='bbox 484 1315 710 1402; x_wconf 77' lang='grc' dir='ltr'><strong><em>διαρπαγῆναι</em></strong></span> <span class='ocrx_word' id='word_1_76' title='bbox 735 1311 794 1392; x_wconf 88' lang='grc' dir='ltr'><strong><em>τάς</em></strong></span> <span class='ocrx_word' id='word_1_77' title='bbox 820 1312 946 1393; x_wconf 81' lang='grc' dir='ltr'><strong><em>πολλὰς</em></strong></span> <span class='ocrx_word' id='word_1_78' title='bbox 970 1311 1094 1380; x_wconf 86' lang='grc' dir='ltr'><strong><em>αῦτῦν.</em></strong></span> 
     </span>
    </p>

    <p class='ocr_par' dir='ltr' id='par_1_7' title="bbox 193 1410 1249 1937">
     <span class='ocr_line' id='line_1_13' title="bbox 193 1410 1185 1502; baseline -0.008 -17"><span class='ocrx_word' id='word_1_79' title='bbox 193 1450 211 1497; x_wconf 77' lang='lat'><strong>2</strong></span> <span class='ocrx_word' id='word_1_80' title='bbox 303 1411 472 1484; x_wconf 78' lang='grc' dir='ltr'><strong><em>Ἐνταῦθα</em></strong></span> <span class='ocrx_word' id='word_1_81' title='bbox 489 1415 649 1501; x_wconf 82' lang='grc' dir='ltr'><strong><em>λέγουσιν</em></strong></span> <span class='ocrx_word' id='word_1_82' title='bbox 666 1410 716 1482; x_wconf 81' lang='grc' dir='ltr'><strong><em>ὅτι</em></strong></span> <span class='ocrx_word' id='word_1_83' title='bbox 725 1410 926 1502; x_wconf 81' lang='grc' dir='ltr'><strong><em>Ἀτροπάτης</em></strong></span> <span class='ocrx_word' id='word_1_84' title='bbox 943 1411 962 1479; x_wconf 81' lang='grc' dir='ltr'>ὁ</span> <span class='ocrx_word' id='word_1_85' title='bbox 980 1417 1039 1500; x_wconf 76' lang='grc' dir='ltr'><strong><em>τῆς</em></strong></span> <span class='ocrx_word' id='word_1_86' title='bbox 1052 1416 1185 1500; x_wconf 83' lang='grc' dir='ltr'><strong><em>Μηδίας</em></strong></span> 
     </span>
     <span class='ocr_line' id='line_1_14' title="bbox 227 1511 1186 1607; baseline -0.004 -24"><span class='ocrx_word' id='word_1_87' title='bbox 227 1517 401 1602; x_wconf 77' lang='grc' dir='ltr'><strong><em>σατράπης</em></strong></span> <span class='ocrx_word' id='word_1_88' title='bbox 436 1530 602 1600; x_wconf 81' lang='grc' dir='ltr'><strong><em>γυναῖκας</em></strong></span> <span class='ocrx_word' id='word_1_89' title='bbox 629 1513 747 1584; x_wconf 80' lang='grc' dir='ltr'><strong><em>ἑκατόν</em></strong></span> <span class='ocrx_word' id='word_1_90' title='bbox 780 1511 873 1607; x_wconf 77' lang='grc' dir='ltr'><strong><em>αὐτῷ</em></strong></span> <span class='ocrx_word' id='word_1_91' title='bbox 910 1519 1031 1602; x_wconf 87' lang='grc' dir='ltr'><strong><em>ἐδωιιε,</em></strong></span> <span class='ocrx_word' id='word_1_92' title='bbox 1063 1511 1186 1590; x_wconf 85' lang='grc' dir='ltr'><strong><em>ταῦτας</em></strong></span> 
     </span>
     <span class='ocr_line' id='line_1_15' title="bbox 227 1611 1185 1704; baseline -0.002 -21"><span class='ocrx_word' id='word_1_93' title='bbox 227 1613 371 1702; x_wconf 86' lang='grc' dir='ltr'><strong><em>φάσκων</em></strong></span> <span class='ocrx_word' id='word_1_94' title='bbox 407 1613 493 1683; x_wconf 75' lang='grc' dir='ltr'><strong><em>εἶναι</em></strong></span> <span class='ocrx_word' id='word_1_95' title='bbox 524 1619 594 1684; x_wconf 73' lang='grc' dir='ltr'><strong><em>ταῖν</em></strong></span> <span class='ocrx_word' id='word_1_96' title='bbox 617 1611 818 1704; x_wconf 79' lang='grc' dir='ltr'><strong><em>Ἀμαζόνων,</em></strong></span> <span class='ocrx_word' id='word_1_97' title='bbox 850 1615 907 1683; x_wconf 80' lang='grc' dir='ltr'><strong><em>καί</em></strong></span> <span class='ocrx_word' id='word_1_98' title='bbox 931 1615 1055 1694; x_wconf 81' lang='grc' dir='ltr'><strong><em>ταύτας</em></strong></span> <span class='ocrx_word' id='word_1_99' title='bbox 1081 1616 1185 1700; x_wconf 78' lang='grc' dir='ltr'><strong><em>σκευῇ</em></strong></span> 
     </span>
     <span class='ocr_line' id='line_1_16' title="bbox 227 1714 1213 1805; baseline -0.003 -21"><span class='ocrx_word' id='word_1_100' title='bbox 227 1715 363 1804; x_wconf 84' lang='grc' dir='ltr'><strong><em>ἀνδρων</em></strong></span> <span class='ocrx_word' id='word_1_101' title='bbox 382 1715 512 1784; x_wconf 86' lang='grc' dir='ltr'><strong><em>έππέων</em></strong></span> <span class='ocrx_word' id='word_1_102' title='bbox 532 1716 745 1805; x_wconf 76' lang='grc' dir='ltr'><strong><em>ἐσταλμένας,</em></strong></span> <span class='ocrx_word' id='word_1_103' title='bbox 763 1716 851 1802; x_wconf 79' lang='grc' dir='ltr'><strong><em>πλήν</em></strong></span> <span class='ocrx_word' id='word_1_104' title='bbox 867 1743 905 1801; x_wconf 87' lang='grc' dir='ltr'><strong><em>γε</em></strong></span> <span class='ocrx_word' id='word_1_105' title='bbox 923 1717 964 1804; x_wconf 82' lang='grc' dir='ltr'><strong><em>δὴ</em></strong></span> <span class='ocrx_word' id='word_1_106' title='bbox 980 1714 1031 1783; x_wconf 82' lang='grc' dir='ltr'><strong><em>ὅτι</em></strong></span> <span class='ocrx_word' id='word_1_107' title='bbox 1043 1715 1213 1791; x_wconf 76' lang='grc' dir='ltr'><strong><em>πελέκειςο</em></strong></span> 
     </span>
     <span class='ocr_line' id='line_1_17' title="bbox 228 1813 1249 1937; baseline -0.004 -52"><span class='ocrx_word' id='word_1_108' title='bbox 228 1815 305 1885; x_wconf 81' lang='grc' dir='ltr'><strong><em>ἀντὶ</em></strong></span> <span class='ocrx_word' id='word_1_109' title='bbox 332 1813 487 1905; x_wconf 88' lang='grc' dir='ltr'><strong><em>δοράτων</em></strong></span> <span class='ocrx_word' id='word_1_110' title='bbox 514 1816 663 1904; x_wconf 82' lang='grc' dir='ltr'><strong><em>ἐφόρουν</em></strong></span> <span class='ocrx_word' id='word_1_111' title='bbox 688 1817 746 1886; x_wconf 80' lang='grc' dir='ltr'><strong><em>καὶ</em></strong></span> <span class='ocrx_word' id='word_1_112' title='bbox 772 1816 847 1884; x_wconf 82' lang='grc' dir='ltr'><strong><em>ἀντὶ</em></strong></span> <span class='ocrx_word' id='word_1_113' title='bbox 873 1815 1026 1886; x_wconf 78' lang='grc' dir='ltr'><strong><em>ἀσπίδων</em></strong></span> <span class='ocrx_word' id='word_1_114' title='bbox 1052 1816 1184 1892; x_wconf 78' lang='grc' dir='ltr'><strong><em>πέλτας·</em></strong></span> <span class='ocrx_word' id='word_1_115' title='bbox 1248 1885 1249 1937; x_wconf 39' lang='grc' dir='ltr'><strong><em>η</em></strong></span> 
     </span>
    </p>
   </div>
   <div class='ocr_carea' id='block_1_5' title="bbox 104 1915 1248 3514">
    <p class='ocr_par' dir='ltr' id='par_1_8' title="bbox 228 1915 1185 2006">
     <span class='ocr_line' id='line_1_18' title="bbox 228 1915 1185 2006; baseline -0.005 -20"><span class='ocrx_word' id='word_1_116' title='bbox 228 1922 265 1986; x_wconf 90' lang='grc' dir='ltr'><strong><em>οί</em></strong></span> <span class='ocrx_word' id='word_1_117' title='bbox 285 1916 324 1986; x_wconf 74' lang='grc' dir='ltr'><strong><em>δὲ</em></strong></span> <span class='ocrx_word' id='word_1_118' title='bbox 340 1918 398 1985; x_wconf 77' lang='grc' dir='ltr'><strong><em>καὶ</em></strong></span> <span class='ocrx_word' id='word_1_119' title='bbox 422 1915 484 1985; x_wconf 89' lang='grc' dir='ltr'><strong><em>τὸν</em></strong></span> <span class='ocrx_word' id='word_1_120' title='bbox 501 1917 631 2005; x_wconf 82' lang='grc' dir='ltr'><strong><em>μαστὸν</em></strong></span> <span class='ocrx_word' id='word_1_121' title='bbox 648 1918 805 2003; x_wconf 87' lang='grc' dir='ltr'><strong><em>λέγουσιν</em></strong></span> <span class='ocrx_word' id='word_1_122' title='bbox 822 1915 872 1986; x_wconf 85' lang='grc' dir='ltr'><strong><em>ὅτι</em></strong></span> <span class='ocrx_word' id='word_1_123' title='bbox 887 1925 1005 2006; x_wconf 91' lang='grc' dir='ltr'><strong><em>μείονα</em></strong></span> <span class='ocrx_word' id='word_1_124' title='bbox 1022 1916 1113 2003; x_wconf 82' lang='grc' dir='ltr'><strong><em>εἶχον</em></strong></span> <span class='ocrx_word' id='word_1_125' title='bbox 1128 1915 1185 1983; x_wconf 84' lang='grc' dir='ltr'><strong><em>τὸν</em></strong></span> 
     </span>
    </p>

    <p class='ocr_par' dir='ltr' id='par_1_9' title="bbox 194 2007 1248 2710">
     <span class='ocr_line' id='line_1_19' title="bbox 194 2007 1248 2109; baseline -0.003 -24"><span class='ocrx_word' id='word_1_126' title='bbox 194 2050 211 2098; x_wconf 84' lang='lat'><strong>3</strong></span> <span class='ocrx_word' id='word_1_127' title='bbox 230 2017 351 2105; x_wconf 85' lang='grc' dir='ltr'><strong><em>δεξιόν,</em></strong></span> <span class='ocrx_word' id='word_1_128' title='bbox 368 2013 409 2085; x_wconf 78' lang='grc' dir='ltr'><strong><em>ὃν</em></strong></span> <span class='ocrx_word' id='word_1_129' title='bbox 426 2017 468 2104; x_wconf 81' lang='grc' dir='ltr'><strong><em>δὴ</em></strong></span> <span class='ocrx_word' id='word_1_130' title='bbox 487 2020 545 2086; x_wconf 82' lang='grc' dir='ltr'><strong><em>καὶ</em></strong></span> <span class='ocrx_word' id='word_1_131' title='bbox 564 2021 627 2098; x_wconf 83' lang='grc' dir='ltr'><strong><em>ἔξω</em></strong></span> <span class='ocrx_word' id='word_1_132' title='bbox 645 2016 737 2102; x_wconf 81' lang='grc' dir='ltr'><strong><em>εἶχον</em></strong></span> <span class='ocrx_word' id='word_1_133' title='bbox 763 2020 800 2088; x_wconf 89' lang='grc' dir='ltr'><strong><em>ἐν</em></strong></span> <span class='ocrx_word' id='word_1_134' title='bbox 817 2033 890 2098; x_wconf 77' lang='grc' dir='ltr'><strong><em>ταῖς</em></strong></span> <span class='ocrx_word' id='word_1_135' title='bbox 906 2018 1032 2105; x_wconf 83' lang='grc' dir='ltr'><strong><em>μάχαις.</em></strong></span> <span class='ocrx_word' id='word_1_136' title='bbox 1058 2007 1184 2094; x_wconf 84' lang='grc' dir='ltr'><strong><em>Ιταῦτας</em></strong></span> <span class='ocrx_word' id='word_1_137' title='bbox 1247 2077 1248 2109; x_wconf 41' lang='grc' dir='ltr'><strong><em>η</em></strong></span> 
     </span>
     <span class='ocr_line' id='line_1_20' title="bbox 228 2113 1185 2206; baseline -0.001 -22"><span class='ocrx_word' id='word_1_138' title='bbox 228 2119 292 2204; x_wconf 78' lang='grc' dir='ltr'><strong><em>μὲν</em></strong></span> <span class='ocrx_word' id='word_1_139' title='bbox 318 2117 360 2203; x_wconf 84' lang='grc' dir='ltr'><strong><em>δὴ</em></strong></span> <span class='ocrx_word' id='word_1_140' title='bbox 387 2113 575 2197; x_wconf 75' lang='grc' dir='ltr'><strong><em>ἀπαλλάξαι</em></strong></span> <span class='ocrx_word' id='word_1_141' title='bbox 591 2121 649 2204; x_wconf 82' lang='grc' dir='ltr'><strong><em>τῆς</em></strong></span> <span class='ocrx_word' id='word_1_142' title='bbox 668 2120 822 2204; x_wconf 80' lang='grc' dir='ltr'><strong><em>στρατιᾶς</em></strong></span> <span class='ocrx_word' id='word_1_143' title='bbox 842 2115 1069 2206; x_wconf 81' lang='grc' dir='ltr'><strong><em>Ἀλέξανδρον,</em></strong></span> <span class='ocrx_word' id='word_1_144' title='bbox 1095 2115 1140 2205; x_wconf 85' lang='grc' dir='ltr'><strong><em>μή</em></strong></span> <span class='ocrx_word' id='word_1_145' title='bbox 1157 2141 1185 2184; x_wconf 90' lang='grc' dir='ltr'><strong><em>τι</em></strong></span> 
     </span>
     <span class='ocr_line' id='line_1_21' title="bbox 226 2215 1216 2308; baseline 0 -23"><span class='ocrx_word' id='word_1_146' title='bbox 226 2223 463 2303; x_wconf 78' lang='grc' dir='ltr'><strong><em>νεωτερισθείη</em></strong></span> <span class='ocrx_word' id='word_1_147' title='bbox 481 2215 555 2285; x_wconf 89' lang='grc' dir='ltr'><strong><em>κατ’</em></strong></span> <span class='ocrx_word' id='word_1_148' title='bbox 584 2218 690 2299; x_wconf 84' lang='grc' dir='ltr'><strong><em>αῦτάς</em></strong></span> <span class='ocrx_word' id='word_1_149' title='bbox 715 2221 748 2298; x_wconf 84' lang='grc' dir='ltr'><strong><em>ές</em></strong></span> <span class='ocrx_word' id='word_1_150' title='bbox 766 2217 867 2308; x_wconf 84' lang='grc' dir='ltr'><strong><em>ῦβριν</em></strong></span> <span class='ocrx_word' id='word_1_151' title='bbox 885 2220 968 2307; x_wconf 85' lang='grc' dir='ltr'><strong><em>πρὸς</em></strong></span> <span class='ocrx_word' id='word_1_152' title='bbox 985 2223 1053 2288; x_wconf 79' lang='grc' dir='ltr'><strong><em>τῶν</em></strong></span> <span class='ocrx_word' id='word_1_153' title='bbox 1070 2227 1185 2289; x_wconf 88' lang='grc' dir='ltr'><strong><em>Μακε-</em></strong></span> <span class='ocrx_word' id='word_1_154' title='bbox 1196 2237 1216 2276; x_wconf 75' lang='grc' dir='ltr'><strong><em>υ</em></strong></span> 
     </span>
     <span class='ocr_line' id='line_1_22' title="bbox 227 2311 1186 2406; baseline -0.001 -18"><span class='ocrx_word' id='word_1_155' title='bbox 227 2315 342 2388; x_wconf 85' lang='grc' dir='ltr'><strong><em>δόνων</em></strong></span> <span class='ocrx_word' id='word_1_156' title='bbox 367 2311 389 2402; x_wconf 81' lang='grc' dir='ltr'><strong><em>ἣ</em></strong></span> <span class='ocrx_word' id='word_1_157' title='bbox 414 2317 614 2406; x_wconf 75' lang='grc' dir='ltr'><strong><em>βαρβάρων·</em></strong></span> <span class='ocrx_word' id='word_1_158' title='bbox 654 2323 809 2388; x_wconf 88' lang='grc' dir='ltr'><strong><em>κελεῦσαι</em></strong></span> <span class='ocrx_word' id='word_1_159' title='bbox 834 2318 873 2388; x_wconf 74' lang='grc' dir='ltr'><strong><em>δέ</em></strong></span> <span class='ocrx_word' id='word_1_160' title='bbox 891 2318 1089 2406; x_wconf 81' lang='grc' dir='ltr'><strong><em>ἀπαγγεῖλαι</em></strong></span> <span class='ocrx_word' id='word_1_161' title='bbox 1106 2318 1186 2406; x_wconf 82' lang='grc' dir='ltr'><strong><em>πρὸς</em></strong></span> 
     </span>
     <span class='ocr_line' id='line_1_23' title="bbox 226 2414 1186 2509; baseline 0.002 -26"><span class='ocrx_word' id='word_1_162' title='bbox 226 2417 291 2503; x_wconf 84' lang='grc' dir='ltr'><strong><em>τὴν</em></strong></span> <span class='ocrx_word' id='word_1_163' title='bbox 317 2423 518 2504; x_wconf 82' lang='grc' dir='ltr'><strong><em>βασίλισσαν</em></strong></span> <span class='ocrx_word' id='word_1_164' title='bbox 544 2424 643 2507; x_wconf 83' lang='grc' dir='ltr'><strong><em>σφῦν</em></strong></span> <span class='ocrx_word' id='word_1_165' title='bbox 668 2417 721 2488; x_wconf 79' lang='grc' dir='ltr'><strong><em>ὅτι</em></strong></span> <span class='ocrx_word' id='word_1_166' title='bbox 747 2418 851 2500; x_wconf 79' lang='grc' dir='ltr'><strong><em>αὐτός</em></strong></span> <span class='ocrx_word' id='word_1_167' title='bbox 876 2419 945 2507; x_wconf 79' lang='grc' dir='ltr'><strong><em>ἥξει</em></strong></span> <span class='ocrx_word' id='word_1_168' title='bbox 971 2418 1055 2509; x_wconf 82' lang='grc' dir='ltr'><strong><em>πρός</em></strong></span> <span class='ocrx_word' id='word_1_169' title='bbox 1081 2414 1186 2504; x_wconf 81' lang='grc' dir='ltr'><strong><em>αῦτὴν</em></strong></span> 
     </span>
     <span class='ocr_line' id='line_1_24' title="bbox 227 2515 1187 2609; baseline 0.002 -25"><span class='ocrx_word' id='word_1_170' title='bbox 227 2515 558 2603; x_wconf 85' lang='grc' dir='ltr'><strong><em>παιδοποιησόμενος.</em></strong></span> <span class='ocrx_word' id='word_1_171' title='bbox 586 2521 692 2588; x_wconf 89' lang='grc' dir='ltr'><strong><em>ταῦτα</em></strong></span> <span class='ocrx_word' id='word_1_172' title='bbox 706 2520 746 2588; x_wconf 73' lang='grc' dir='ltr'><strong><em>δέ</em></strong></span> <span class='ocrx_word' id='word_1_173' title='bbox 758 2517 837 2589; x_wconf 89' lang='grc' dir='ltr'><strong><em>οῦτε</em></strong></span> <span class='ocrx_word' id='word_1_174' title='bbox 848 2515 1099 2609; x_wconf 80' lang='grc' dir='ltr'><strong><em>Ἀριστόβουλος</em></strong></span> <span class='ocrx_word' id='word_1_175' title='bbox 1111 2517 1187 2587; x_wconf 87' lang='grc' dir='ltr'><strong><em>οῦτε</em></strong></span> 
     </span>
     <span class='ocr_line' id='line_1_25' title="bbox 229 2615 1187 2710; baseline 0.001 -24"><span class='ocrx_word' id='word_1_176' title='bbox 229 2624 439 2704; x_wconf 80' lang='grc' dir='ltr'><strong><em>Πτολεμαῖος</em></strong></span> <span class='ocrx_word' id='word_1_177' title='bbox 457 2615 535 2686; x_wconf 87' lang='grc' dir='ltr'><strong><em>οῦτε</em></strong></span> <span class='ocrx_word' id='word_1_178' title='bbox 560 2644 610 2698; x_wconf 90' lang='grc' dir='ltr'><strong><em>τις</em></strong></span> <span class='ocrx_word' id='word_1_179' title='bbox 636 2617 736 2699; x_wconf 85' lang='grc' dir='ltr'><strong><em>ἀλλος</em></strong></span> <span class='ocrx_word' id='word_1_180' title='bbox 754 2619 945 2710; x_wconf 74' lang='grc' dir='ltr'><strong><em>ἀνέγραψεν</em></strong></span> <span class='ocrx_word' id='word_1_181' title='bbox 970 2619 1058 2702; x_wconf 84' lang='grc' dir='ltr'><strong><em>ὅστις</em></strong></span> <span class='ocrx_word' id='word_1_182' title='bbox 1077 2619 1187 2698; x_wconf 87' lang='grc' dir='ltr'><strong><em>ίκανός</em></strong></span> 
     </span>
    </p>

    <p class='ocr_par' dir='ltr' id='par_1_10' title="bbox 193 2715 1241 3412">
     <span class='ocr_line' id='line_1_26' title="bbox 193 2715 1217 2809; baseline -0.001 -24"><span class='ocrx_word' id='word_1_183' title='bbox 193 2748 211 2795; x_wconf 82' lang='lat'>4</span> <span class='ocrx_word' id='word_1_184' title='bbox 229 2715 317 2805; x_wconf 77' lang='grc' dir='ltr'><strong><em>ὑπὲρ</em></strong></span> <span class='ocrx_word' id='word_1_185' title='bbox 335 2719 402 2786; x_wconf 76' lang='grc' dir='ltr'><strong><em>τῶν</em></strong></span> <span class='ocrx_word' id='word_1_186' title='bbox 420 2716 583 2786; x_wconf 77' lang='grc' dir='ltr'><strong><em>τοιούτων</em></strong></span> <span class='ocrx_word' id='word_1_187' title='bbox 600 2726 832 2808; x_wconf 78' lang='grc' dir='ltr'><strong><em>τεκμηριῶσαι.</em></strong></span> <span class='ocrx_word' id='word_1_188' title='bbox 873 2717 956 2792; x_wconf 77' lang='grc' dir='ltr'><strong><em>οῦδὲ</em></strong></span> <span class='ocrx_word' id='word_1_189' title='bbox 974 2727 1067 2792; x_wconf 82' lang='grc' dir='ltr'><strong><em>δοκεῖ</em></strong></span> <span class='ocrx_word' id='word_1_190' title='bbox 1080 2747 1134 2809; x_wconf 91' lang='grc' dir='ltr'><strong><em>μοι</em></strong></span> <span class='ocrx_word' id='word_1_191' title='bbox 1153 2722 1217 2788; x_wconf 78' lang='grc' dir='ltr'><strong><em>ἕνα</em></strong></span> 
     </span>
     <span class='ocr_line' id='line_1_27' title="bbox 228 2815 1186 2910; baseline 0.003 -26"><span class='ocrx_word' id='word_1_192' title='bbox 228 2823 276 2908; x_wconf 78' lang='grc' dir='ltr'><strong><em>τῷ</em></strong></span> <span class='ocrx_word' id='word_1_193' title='bbox 308 2817 383 2886; x_wconf 86' lang='grc' dir='ltr'><strong><em>τότε</em></strong></span> <span class='ocrx_word' id='word_1_194' title='bbox 418 2817 580 2899; x_wconf 81' lang='grc' dir='ltr'><strong><em>σοι’ζεσθαι</em></strong></span> <span class='ocrx_word' id='word_1_195' title='bbox 605 2818 643 2888; x_wconf 84' lang='grc' dir='ltr'><strong><em>τό</em></strong></span> <span class='ocrx_word' id='word_1_196' title='bbox 672 2822 770 2906; x_wconf 88' lang='grc' dir='ltr'><strong><em>γένος</em></strong></span> <span class='ocrx_word' id='word_1_197' title='bbox 796 2827 864 2890; x_wconf 71' lang='grc' dir='ltr'><strong><em>τοῖν</em></strong></span> <span class='ocrx_word' id='word_1_198' title='bbox 888 2818 1085 2910; x_wconf 77' lang='grc' dir='ltr'><strong><em>Ἀμαζόνων,</em></strong></span> <span class='ocrx_word' id='word_1_199' title='bbox 1111 2815 1186 2889; x_wconf 77' lang='grc' dir='ltr'><strong><em>οὐδ’</em></strong></span> 
     </span>
     <span class='ocr_line' id='line_1_28' title="bbox 229 2915 1187 3011; baseline 0.006 -28"><span class='ocrx_word' id='word_1_200' title='bbox 229 2923 277 2984; x_wconf 77' lang='grc' dir='ltr'><strong><em>ἔτι</em></strong></span> <span class='ocrx_word' id='word_1_201' title='bbox 295 2916 360 3004; x_wconf 81' lang='grc' dir='ltr'><strong><em>πρὸ</em></strong></span> <span class='ocrx_word' id='word_1_202' title='bbox 371 2916 606 3006; x_wconf 80' lang='grc' dir='ltr'><strong><em>Ἀλεξάνδρου,</em></strong></span> <span class='ocrx_word' id='word_1_203' title='bbox 624 2915 823 3009; x_wconf 68' lang='grc' dir='ltr'><strong><em>ἣΞενοφῦν</em></strong></span> <span class='ocrx_word' id='word_1_204' title='bbox 841 2919 884 2990; x_wconf 85' lang='grc' dir='ltr'><strong><em>ἀν</em></strong></span> <span class='ocrx_word' id='word_1_205' title='bbox 899 2924 1047 3011; x_wconf 70' lang='grc' dir='ltr'><strong><em>ἐμνήσθη</em></strong></span> <span class='ocrx_word' id='word_1_206' title='bbox 1062 2917 1187 3007; x_wconf 79' lang='grc' dir='ltr'><strong><em>αῦτῦν,</em></strong></span> 
     </span>
     <span class='ocr_line' id='line_1_29' title="bbox 230 3019 1188 3111; baseline 0.005 -26"><span class='ocrx_word' id='word_1_207' title='bbox 230 3019 412 3085; x_wconf 79' lang='grc' dir='ltr'><strong><em>Φασιανῶν</em></strong></span> <span class='ocrx_word' id='word_1_208' title='bbox 439 3043 475 3085; x_wconf 90' lang='grc' dir='ltr'><strong><em>τε</em></strong></span> <span class='ocrx_word' id='word_1_209' title='bbox 500 3020 665 3106; x_wconf 75' lang='grc' dir='ltr'><strong><em>μνησθεὶς</em></strong></span> <span class='ocrx_word' id='word_1_210' title='bbox 691 3023 747 3089; x_wconf 83' lang='grc' dir='ltr'><strong><em>καὶ</em></strong></span> <span class='ocrx_word' id='word_1_211' title='bbox 766 3021 908 3111; x_wconf 82' lang='grc' dir='ltr'><strong><em>Κόλχων</em></strong></span> <span class='ocrx_word' id='word_1_212' title='bbox 934 3026 991 3092; x_wconf 80' lang='grc' dir='ltr'><strong><em>καὶ</em></strong></span> <span class='ocrx_word' id='word_1_213' title='bbox 1018 3022 1081 3092; x_wconf 82' lang='grc' dir='ltr'><strong><em>ὅσα</em></strong></span> <span class='ocrx_word' id='word_1_214' title='bbox 1106 3021 1188 3090; x_wconf 81' lang='grc' dir='ltr'><strong><em>ἀλλα</em></strong></span> 
     </span>
     <span class='ocr_line' id='line_1_30' title="bbox 228 3113 1241 3214; baseline 0.009 -32"><span class='ocrx_word' id='word_1_215' title='bbox 228 3113 295 3182; x_wconf 86' lang='grc' dir='ltr'><strong><em>ἀπὸ</em></strong></span> <span class='ocrx_word' id='word_1_216' title='bbox 315 3119 564 3204; x_wconf 75' lang='grc' dir='ltr'><strong><em>Τραπεζοῦντος</em></strong></span> <span class='ocrx_word' id='word_1_217' title='bbox 578 3117 768 3208; x_wconf 73' lang='grc' dir='ltr'><strong><em>ὁρμώμενοι</em></strong></span> <span class='ocrx_word' id='word_1_218' title='bbox 780 3117 802 3210; x_wconf 77' lang='grc' dir='ltr'><strong><em>ἢ</em></strong></span> <span class='ocrx_word' id='word_1_219' title='bbox 816 3126 898 3212; x_wconf 78' lang='grc' dir='ltr'><strong><em>πρὶν</em></strong></span> <span class='ocrx_word' id='word_1_220' title='bbox 913 3127 946 3205; x_wconf 86' lang='grc' dir='ltr'><strong><em>ἐς</em></strong></span> <span class='ocrx_word' id='word_1_221' title='bbox 961 3125 1186 3214; x_wconf 81' lang='grc' dir='ltr'><strong><em>Τραπεζοῦντα</em></strong></span> <span class='ocrx_word' id='word_1_222' title='bbox 1240 3175 1241 3180; x_wconf 35' lang='lat'>1</span> 
     </span>
     <span class='ocr_line' id='line_1_31' title="bbox 228 3213 1212 3314; baseline 0.016 -33"><span class='ocrx_word' id='word_1_223' title='bbox 228 3222 408 3283; x_wconf 78' lang='grc' dir='ltr'><strong><em>κατελθεῖν</em></strong></span> <span class='ocrx_word' id='word_1_224' title='bbox 438 3213 482 3284; x_wconf 74' lang='grc' dir='ltr'><strong><em>ὀί</em></strong></span> <span class='ocrx_word' id='word_1_225' title='bbox 501 3213 660 3306; x_wconf 82' lang='grc' dir='ltr'><strong><em>Ἕλληνες</em></strong></span> <span class='ocrx_word' id='word_1_226' title='bbox 694 3223 843 3310; x_wconf 79' lang='grc' dir='ltr'><strong><em>ἐπῆλθον</em></strong></span> <span class='ocrx_word' id='word_1_227' title='bbox 879 3231 963 3312; x_wconf 79' lang='grc' dir='ltr'><strong><em>ἔθνη</em></strong></span> <span class='ocrx_word' id='word_1_228' title='bbox 996 3222 1212 3314; x_wconf 82' lang='grc' dir='ltr'><strong><em>βαρβαρικά,ιο</em></strong></span> 
     </span>
     <span class='ocr_line' id='line_1_32' title="bbox 229 3316 1184 3412; baseline 0.012 -31"><span class='ocrx_word' id='word_1_229' title='bbox 229 3317 351 3400; x_wconf 78' lang='grc' dir='ltr'><strong><em>ἵναπερ</em></strong></span> <span class='ocrx_word' id='word_1_230' title='bbox 369 3316 426 3381; x_wconf 83' lang='grc' dir='ltr'><strong><em>καὶ</em></strong></span> <span class='ocrx_word' id='word_1_231' title='bbox 444 3329 516 3394; x_wconf 71' lang='grc' dir='ltr'><strong><em>ταῖς</em></strong></span> <span class='ocrx_word' id='word_1_232' title='bbox 531 3316 704 3404; x_wconf 88' lang='grc' dir='ltr'><strong><em>Ἀμαζόσιν</em></strong></span> <span class='ocrx_word' id='word_1_233' title='bbox 732 3325 991 3411; x_wconf 81' lang='grc' dir='ltr'><strong><em>ἐντετυχήκεσαν</em></strong></span> <span class='ocrx_word' id='word_1_234' title='bbox 1017 3324 1072 3412; x_wconf 80' lang='grc' dir='ltr'><strong><em>ἀν,</em></strong></span> <span class='ocrx_word' id='word_1_235' title='bbox 1097 3334 1184 3411; x_wconf 76' lang='grc' dir='ltr'><strong><em>εἴπερ</em></strong></span> 
     </span>
    </p>

    <p class='ocr_par' dir='ltr' id='par_1_11' title="bbox 104 3404 1184 3514">
     <span class='ocr_line' id='line_1_33' title="bbox 104 3404 1184 3514; baseline 0.017 -38"><span class='ocrx_word' id='word_1_236' title='bbox 104 3415 106 3422; x_wconf 80' lang='grc'><em>’</em></span> <span class='ocrx_word' id='word_1_237' title='bbox 195 3441 212 3488; x_wconf 83' lang='lat'><strong>5</strong></span> <span class='ocrx_word' id='word_1_238' title='bbox 231 3404 293 3480; x_wconf 83' lang='grc' dir='ltr'><strong><em>οὖν</em></strong></span> <span class='ocrx_word' id='word_1_239' title='bbox 314 3418 359 3480; x_wconf 85' lang='grc' dir='ltr'><strong><em>ἔτι</em></strong></span> <span class='ocrx_word' id='word_1_240' title='bbox 376 3404 463 3500; x_wconf 80' lang='grc' dir='ltr'><strong><em>ἦσαν</em></strong></span> <span class='ocrx_word' id='word_1_241' title='bbox 479 3409 662 3502; x_wconf 86' lang='grc' dir='ltr'><strong><em>Ἀμαζόνες.</em></strong></span> <span class='ocrx_word' id='word_1_242' title='bbox 702 3421 747 3509; x_wconf 79' lang='grc' dir='ltr'><strong><em>μὴ</em></strong></span> <span class='ocrx_word' id='word_1_243' title='bbox 765 3426 924 3510; x_wconf 79' lang='grc' dir='ltr'><strong><em>γενέσθαι</em></strong></span> <span class='ocrx_word' id='word_1_244' title='bbox 940 3425 1003 3514; x_wconf 75' lang='grc' dir='ltr'><strong><em>μὲν</em></strong></span> <span class='ocrx_word' id='word_1_245' title='bbox 1020 3425 1083 3513; x_wconf 85' lang='grc' dir='ltr'><strong><em>γὰρ</em></strong></span> <span class='ocrx_word' id='word_1_246' title='bbox 1102 3449 1184 3494; x_wconf 88' lang='grc' dir='ltr'><strong><em>παν-</em></strong></span> 
     </span>
    </p>
   </div>
   <div class='ocr_carea' id='block_1_6' title="bbox 0 0 1281 3920">
    <p class='ocr_par' dir='ltr' id='par_1_12' title="bbox 0 0 1281 3920">
     <span class='ocr_line' id='line_1_34' title="bbox 0 0 1281 3920; baseline 0 0"><span class='ocrx_word' id='word_1_247' title='bbox 0 0 1281 3920; x_wconf 95' lang='lat' dir='ltr'><strong><em> </em></strong></span> 
     </span>
    </p>
   </div>
  </div>
 </body>
</html>
