2572 3920
436 145 622 199 ιαεεεεια
642 149 665 210 ι,
685 123 741 210 ια,
1032 147 1074 213 31

111 281 240 354 τούτων
257 291 381 372 χαλκαῖ
397 284 526 366 εἰκόνες
545 286 583 355 έν
600 293 675 379 Δίῳ
695 288 837 374 ἑστᾶσιν,
852 284 1075 378 Ἀλεξάνδρου

106 383 332 466 κελεύσαντος
350 384 529 456 Λύσιππον
546 393 699 474 ποιῆσαι,
722 383 828 476 ὅσπερ
846 390 902 456 καί
917 384 1073 472 Ἀλέξαν-

107 490 194 575 δρον
208 485 313 575 μόνος
328 488 524 575 προκριθείς
539 488 657 556 ἐποίει
680 493 749 557 τῶν
767 489 805 558 δὲ
819 488 931 558 ἀλλων
945 493 1074 560 ἱππέων

106 585 199 678 ὑπὲρ
223 586 303 668 τούς
334 586 511 674 ἑξήκοντα,
542 590 633 674 πεζοὶ
664 589 702 659 δὲ
727 592 759 669 ές
783 588 863 670 τούς
888 590 1072 679 τριάκοντα.

67 715 81 757 ι
107 689 167 758 καὶ
192 687 334 768 τούτους
357 694 399 778 τῇ
423 686 587 780 ύστεραίρι
611 696 741 772 ἔθαψεν
763 688 980 778 Ἀλέξανδρος
1010 691 1111 774 ξύνσ

108 804 183 870 τοῖς
209 786 324 869 ὅπλοις
347 815 382 857 τε
405 790 462 858 καὶ
487 786 578 883 άλλςυ
595 790 725 884 κόσμῳ·
749 796 887 878 γονεῦσι
904 791 942 861 δὲ
959 789 1075 861 αὐτῶν

108 891 168 959 καὶ
186 891 280 976 παισὶ
293 895 362 958 τάν
379 916 415 958 τε
433 889 515 960 κατά
530 889 592 979 τόν
605 891 719 980 χάραν
732 889 884 962 ἀτέλειαν
902 898 1005 962 ἔδωκε
1017 894 1074 962 καὶ

109 991 188 1062 ὅσαι
202 989 300 1060 άλλαι
316 988 338 1078 ἢ
356 995 404 1082 τῷ
418 991 544 1080 σάματι
558 999 761 1082 λειτουργίαι
776 990 798 1080 ἢ
816 992 900 1062 κατά
918 991 976 1074 τάς
993 993 1074 1080 κτή-

110 1114 180 1172 σεις
196 1092 343 1162 ἑκάστων
357 1097 522 1182 εἰσφοραί.
553 1095 609 1162 καὶ
622 1100 690 1163 τῶν
703 1095 920 1184 τετρωμένων
934 1094 972 1164 δὲ
989 1103 1072 1164 πολ-

71 1225 96 1262 10
110 1191 177 1280 λὴυ
200 1192 364 1283 πρόνοιαν
394 1198 508 1281 ἔσχεν,
537 1193 690 1264 ἐπελθών
715 1221 751 1262 τε
781 1191 884 1274 αύτδς
916 1194 1075 1274 ἑκάστους

110 1296 169 1364 καλ
183 1291 223 1363 τά
241 1293 414 1384 τραύματα
429 1292 513 1363 ίδώυ
530 1295 587 1362 καὶ
601 1293 692 1374 ὅπως
705 1321 753 1374 τις
768 1293 900 1384 έτριύθη
916 1295 1074 1383 ἐρόμενος

111 1397 170 1465 καλ
194 1395 215 1463 ὅ
238 1423 269 1462 τι
286 1395 441 1484 πράττων
465 1400 573 1464 εἰπεῖν
596 1422 631 1464 τε
657 1396 713 1464 καὶ
731 1393 1022 1479 ἀλαζονεύσασθαί
1042 1401 1077 1465 οί

111 1493 306 1585 παρασχών.
347 1494 366 1565 ό
396 1495 435 1564 δὲ
465 1496 522 1564 καί
545 1501 614 1565 ταῖν
638 1491 782 1585 Περσῶν
804 1495 883 1578 τούς
906 1489 1110 1586 ἡχεμόναςσ

113 1604 260 1679 ἔθαψεν·
297 1602 405 1679 ἔθαψε
427 1596 465 1666 δὲ
488 1595 646 1698 καὶμούς
663 1595 895 1685 μισθοφόρους
911 1597 1074 1686 Ἕλληνας

76 1725 99 1766 15
113 1705 149 1768 ολ
165 1697 227 1780 ξύν
244 1712 315 1778 τοῖς
328 1703 497 1786 πολεμίοις
511 1697 747 1787 στρατεύοντες
761 1696 951 1767 ἀπέθανον·
971 1697 1074 1778 ὅσους

114 1800 152 1869 δὲ
170 1796 285 1869 αύτοῖν
303 1797 530 1886 αἰχμαλώτους
548 1804 664 1885 ἔλαβε,
690 1795 832 1880 τούτους
858 1798 897 1867 δὲ
914 1798 1019 1885 δήσας
1038 1801 1075 1868 ἐν
1095 1787 1098 1795 “

113 1902 232 1980 πέδαις
258 1902 291 1980 ἐς
315 1903 532 1970 Μακεδονίαν
558 1894 756 1987 ἀπέπεμψεν
781 1897 994 1986 ἐργάζεσθαι,
1024 1898 1076 1968 ὅτι

115 2000 205 2092 παρά
223 1999 265 2069 τά
282 2005 379 2088 κοινῇ
397 1999 539 2081 δόξαντα
556 2014 627 2080 τοῖς
643 1995 964 2088 ἝλλησινἝλληνες
981 1997 1075 2080 ὅντες

117 2107 254 2172 ἐναντία
276 2106 318 2191 τῇ
339 2097 472 2170 Ἑλλάδι
493 2097 582 2189 ὑπὲρ
605 2105 675 2170 τοῖν
698 2099 879 2191 βαρβάρων
903 2099 1073 2189 ἐμάχοντο.

26 2217 36 2238 ·
80 2231 104 2272 ιο
117 2201 305 2291 ἀποπέμπει
323 2200 361 2270 δὲ
378 2202 435 2270 καὶ
453 2207 500 2281 είς
518 2195 662 2289 Ἀθήνας
679 2208 869 2290 τριακοσίας
887 2207 1075 2280 πανοπλίας
1092 2213 1109 2264 7

117 2301 285 2393 Περσικὰς
311 2299 469 2390 ἀνάθημα
500 2300 587 2372 εἶναι
609 2307 651 2391 τῇ
667 2299 805 2394 Ἀθηνᾷ,
820 2304 858 2371 ἐν
884 2301 995 2375 πόλει·
1018 2303 1075 2370 καλ

119 2410 309 2495 ἐπίγραμμα
323 2405 545 2491 ’ἐπιγραφῆναι
556 2404 685 2472 ἐκέλευε
698 2401 791 2472 τόδε·
803 2400 1074 2490 Ἀλέξανδρος

120 2511 336 2579 Φιλίππου
363 2504 430 2572 καὶ
457 2509 498 2572 οί
517 2502 711 2592 Ἕλληνες
734 2501 842 2590 πλὴν
865 2506 1074 2574 Λακεδαι-

118 2613 279 2697 μονίων
303 2603 380 2674 ἀπό
400 2607 481 2674 τάν
504 2604 728 2696 βαρβάρων
745 2609 826 2673 τοῖν
842 2601 916 2692 τὴν
936 2607 1075 2674 Ἀσίαν

84 2705 438 2778 εικατοικούντων.
1192 2695 1196 2704 “

193 2806 416 2894 Καταστήσας
432 2804 470 2876 δλ
487 2805 604 2876 Κάλαν
623 2803 844 2896 σατραπεύειν
863 2797 904 2892 ἦς
925 2803 1075 2894 Ἀρσίτης
1087 2815 1125 2878 17

119 2903 198 3000 ἦρχε
222 2909 278 2978 καὶ
296 2906 375 2988 τούς
392 2906 519 2996 φόρους
540 2903 619 2986 τούς
636 2902 761 2985 αύτούς
779 2901 961 2994 ἀποφέρειν
978 2904 1076 2986 τάξας

121 3011 248 3100 ούσπερ
275 3015 411 3100 Δαρείῳ
443 3015 583 3096 ἔφερον)
614 3005 689 3076 ὅσοι
713 3005 776 3094 μὲν
802 3010 869 3074 τῶν
895 3004 1076 3096 βαρβάρων

122 3110 287 3190 κατιόντες
313 3112 349 3178 ἐκ
373 3115 442 3178 τῶν
465 3106 557 3196 όροδν
581 3110 775 3196 ἐνεχείριζον
799 3111 904 3194 σφᾶς,
934 3105 1076 3188 τούτους

89 3237 111 3280 ιο
123 3213 181 3301 μὲν
198 3209 467 3280 ἀπαλλάττεσθαι
485 3210 540 3277 ἐπὶ
556 3206 597 3278 τά
617 3206 730 3278 αὑτοῖν
748 3206 909 3288 ἑκάστους
928 3207 1075 3276 ἐκέλευε·

123 3319 274 3392 Ζελείτας
299 3311 337 3380 δὲ
363 3308 472 3399 ἀφῆκε
493 3314 553 3396 τῆς
577 3314 705 3396 αἰτίας,
723 3307 774 3378 ὅτι
791 3307 876 3395 πρός
892 3313 971 3395 βίαν
989 3313 1076 3393 ἔγνω
1093 3321 1109 3367 2

123 3417 364 3504 συστρατεῦσαι
381 3427 451 3493 τοῖς
471 3409 666 3501 βαρβάροις·
699 3409 892 3482 Δασκύλιον
910 3408 948 3476 δὲ
964 3431 1075 3495 παρα·
1120 3423 1124 3430 ’
