2572 3920
214 158 259 228 30
569 153 822 215 εΛεΞΑαΔεον

215 305 275 370 τοῦ
296 298 389 387 όόμον
406 297 463 366 καὶ
481 295 661 366 ἀποκόπτει
672 293 733 366 τόν
747 287 845 382 τόμον
861 300 922 364 τοῦ
941 294 1181 384 Σπνθριδάτου

216 400 279 483 ξύν
297 406 338 490 τῇ
357 403 483 468 κοπίδι·
510 399 567 466 καὶ
585 400 622 466 ἐν
638 393 747 490 τοότφ
766 399 1019 484 ἐπεκβαίνοντες
1037 395 1090 466 άελ
1106 402 1180 465 τῶν

217 502 347 572 ἱππέων
364 499 454 580 ὅσοις
480 494 668 587 προόχιόρει
693 494 777 566 κατά
799 496 860 568 τόν
883 497 1033 586 ποταμόν
1051 519 1177 587 προσε-

217 609 374 690 γίγνοντο
391 614 460 680 τολς
480 597 564 688 ἄμφ’
581 597 809 688 Ἀλέξανδρον.

167 713 209 778 16
292 703 360 773 Καὶ
384 706 419 771 ολ
434 701 562 788 Πέρσαι
579 699 757 788 παιόμενοί
776 726 812 769 τε
829 699 1042 788 πανταχόθεν
1059 698 1123 788 ἤδη
1143 702 1178 779 ἐς
1203 731 1217 772 ε

217 801 258 873 τά
282 803 446 893 πρόσωπα
469 799 569 870 αότοί
591 827 627 870 τε
658 801 715 869 καλ
739 805 835 870 ἵπποι
856 816 927 880 τοῖς
956 804 1087 884 ξυστοῖς
1119 803 1178 868 καὶ

218 894 302 992 πρός
319 909 388 972 τόν
406 903 537 972 ἱππέων
556 901 796 990 ἐξωθούμενοι,
823 900 931 970 πολλά
956 901 995 970 δέ
1017 901 1178 990 καὶπρὸς

216 1009 286 1074 τῶν
303 1009 412 1086 ψιλῶν
429 1002 706 1092 ἀναμεμιγμένων
717 1018 787 1083 τοῖς
802 1007 937 1071 ἱππεῦσι
954 1001 1179 1090 βλαπτόμενοι

218 1109 408 1192 ἐγκλίνουσι
436 1103 543 1194 ταότη
567 1109 702 1193 πρῶτον
731 1096 756 1193 ᾖ
783 1098 996 1192 Ἀλέξανδρος
1019 1101 1204 1192 προεκιν-Ι

217 1205 372 1276 δόυευεν.
408 1201 453 1285 ὡς
473 1205 510 1274 δὲ
526 1201 682 1292 τό-μέσου
696 1203 889 1273 ἐνεδεδώκει
905 1201 1032 1293 αὐτοῖς,
1050 1229 1176 1293 παρερ-
1190 1236 1216 1276 ιο

217 1306 364 1395 ρήγυυτο
390 1303 432 1392 δη
450 1307 506 1374 καὶ
523 1303 563 1374 τά
582 1300 640 1393 ἐφ’
667 1302 804 1394 ἑκάτερα
826 1309 886 1392 τῆς
903 1309 1028 1392 ἵππου,
1053 1307 1108 1374 καὶ
1132 1299 1178 1392 ἦν

184 1423 200 1471 κ
219 1407 260 1494 δη
279 1405 372 1494 φυγὴ
390 1405 545 1496 καρτερά.
575 1411 645 1474 τεόν
661 1405 724 1494 μέν
742 1404 784 1492 δὴ
804 1406 934 1474 ίππέωυ
950 1411 1018 1474 τῶν
1032 1413 1178 1496 Περσων
1269 1429 1270 1434 ’

218 1505 394 1576 άπέθαυον
408 1509 441 1586 ἐς
454 1513 591 1594 χιλίους.
619 1503 660 1574 οὐ
674 1506 739 1593 γάρ
752 1504 858 1594 πολλὴ
871 1503 892 1594 ἡ
907 1509 1019 1589 δίωξις
1033 1510 1176 1594 ἐγένετο,

216 1604 267 1678 ὅτι
286 1606 444 1696 ἐξετράπη
458 1605 673 1695 Ἀλέξανδρος
697 1608 751 1676 ἐπὶ
768 1605 849 1686 τούς
866 1607 982 1690 ξένους
1003 1607 1082 1689 τούς
1099 1629 1176 1698 μισ-

217 1707 409 1797 θοφόρους·
439 1699 488 1776 οἶν
511 1706 550 1776 τό
576 1721 693 1794 στίφος
716 1700 740 1796 ἦ
763 1707 802 1776 τό
825 1711 959 1795 πρῶτον
978 1708 1100 1798 ἐτάχθη
1120 1713 1175 1779 ἐκ·
1189 1738 1213 1779 ιε

150 1803 156 1814 ’
219 1806 334 1893 πλήξω
356 1807 486 1897 μᾶλλόν
502 1836 533 1877 τι
548 1811 609 1878 τοῦ
627 1807 823 1897 παραλόγου
841 1805 862 1896 ἢ
887 1815 1176 1904 λογισμῷβεβαίφ

219 1916 323 1998 ἐμευε.
359 1911 415 1978 καὶ
439 1905 568 1990 τοότοις
591 1909 654 1997 τήν
678 1935 714 1978 τε
735 1908 893 1996 φάλαγγα
918 1910 1096 1999 ἐπαγαγδυ
1117 1913 1176 1983 καὶ

217 2009 298 2091 τούς
312 2011 433 2090 ίππέας
447 2009 557 2100 πάντη
575 2024 779 2099 προσπεσεῖν
791 2010 952 2092 κελεόσας
971 2014 1008 2080 ἐν
1025 2011 1115 2104 μέσφ
1133 2008 1175 2082 δι’

218 2109 336 2198 ὀλίγου
354 2109 552 2179 κατακόπτει
565 2108 701 2198 αὐτούς,
720 2107 804 2178 ὥστε
816 2111 957 2198 διέφυγε
971 2111 1175 2200 μένοόδείς,

219 2211 269 2280 ὅτι
281 2210 330 2299 «μὴ
349 2212 489 2280 διέλαθέ
502 2238 552 2291 τις
570 2213 607 2280 ἐν
627 2225 698 2291 τοῖς
714 2225 864 2298 νεκροῖς,
883 2213 1120 2301 ἐζωγρήθησαν
1137 2214 1175 2283 δέ
1186 2243 1211 2285 ιο

185 2329 203 2379 8
221 2309 308 2400 άμφλ
324 2309 405 2390 τοδς
428 2316 620 2398 δισχιλίους.
659 2317 778 2380 ἔπεσον
796 2311 834 2380 δὲ
857 2313 914 2380 καὶ
931 2311 1091 2402 ἡγεμόνες
1107 2321 1174 2384 τῶν

143 2487 148 2498 ,
218 2417 364 2500 Περσῶν
382 2411 535 2499 Νιφάτης
558 2413 674 2481 τεκαὶ
697 2419 841 2500 Πετίνης
865 2415 921 2481 καὶ
947 2415 1174 2504 Σπιθριδάτης

217 2510 235 2581 6
250 2517 381 2592 Λυδίας
395 2511 575 2602 σατράπης,
589 2512 646 2581 καλ
659 2511 677 2581 6
690 2518 759 2581 τῶν
773 2520 1013 2584 Καππαδοκῶν
1025 2515 1174 2605 ὕπαρχος

218 2612 498 2702 Μιθροβουζάνης
516 2613 573 2681 καὶ
590 2613 803 2702 Μιθριδάτης
821 2611 839 2683 6
859 2622 1009 2705 Δαρείου
1026 2617 1173 2708 γαμβρός

217 2715 275 2782 καὶ
285 2711 516 2802 Ἀρβουπάλης
531 2711 548 2782 6
564 2720 715 2802 Δαρείου
728 2720 790 2783 τοῦ
800 2713 1013 2806 Ἀρταξέρξου
1026 2731 1105 2798 παῖς
1118 2721 1173 2787 καὶ
1185 2747 1208 2789 ιε

220 2815 409 2906 Φαρνάκης,
427 2813 572 2903 άδελφός
585 2807 684 2896 οὗτος
697 2820 755 2903 τῆς
769 2823 917 2906 Δαρείου
931 2819 1102 2907 γυναικός,
1119 2822 1173 2888 καλ

217 2913 236 2986 ὁ
251 2923 321 2986 τῶν
334 2919 437 2999 ξένων
451 2914 587 3005 ἡγεμαδν
601 2913 754 3005 Ὠμάρης.
779 2911 928 3004 Ἀρσίτης
942 2915 980 2987 δέ
994 2921 1030 2988 ἐκ
1042 2920 1106 3008 μέυ
1117 2925 1174 3009 τῆς

218 3015 325 3106 μάχης
342 3016 459 3105 φεύγει
477 3019 510 3098 ἐς
525 3023 693 3106 Φρυγίαν,
714 3019 783 3085 ἐκεί
798 3015 836 3086 δὲ
853 3015 1059 3107 ἀποθνήσκει
1073 3017 1188 3103 αότδς

219 3118 302 3206 πρδς
320 3111 439 3204 αὑτοῦ,
458 3114 502 3197 ός
520 3116 629 3204 λόγος,
648 3115 698 3186 ότι
715 3127 818 3198 αίτιος
832 3117 938 3190 ἐδόκει
955 3123 1100 3212 Πέρσαις
1116 3150 1169 3210 γε·
1270 3169 1272 3238 ρ

218 3221 338 3288 νέσθαι
353 3221 415 3286 τοῦ
434 3219 471 3286 ἐν
487 3223 535 3308 τῷ
552 3216 630 3287 τότε
646 3223 859 3306 πταίσματος.
1182 3251 1205 3291 ω
1271 3243 1272 3254 ’

184 3333 203 3383 ι
295 3316 509 3389 Μακεδόνων
520 3317 559 3409 δέ
570 3322 639 3387 τῶν
652 3319 715 3408 μὲν
725 3320 865 3407 ἑταίρων
879 3319 964 3410 άμφλ
978 3322 1057 3405 τούς
1072 3335 1172 3395 είκοσι
1190 3345 1192 3352 ·
1271 3351 1272 3402 3

218 3420 275 3488 καὶ
299 3417 398 3488 πέντε
424 3419 461 3489 ἐν
483 3423 526 3510 τῇ
550 3418 666 3511 πρώτη
698 3426 869 3510 προσβολῇ
899 3419 1087 3492 άπέθανου·
1119 3425 1172 3494 καὶ
