2572 3920
234 846 261 910 ·
482 919 783 1004 Proomonitc.

236 1218 311 1280 Cum
340 1236 450 1279 novem
481 1217 601 1278 Anioni
633 1219 791 1281 editionem
824 1219 987 1297 parendum
1018 1239 1115 1283 susce-

150 1307 278 1382 pissem,
306 1303 339 1363 id
367 1303 559 1378 potissimum
581 1304 643 1380 egi,
670 1311 717 1375 ut,
745 1304 914 1380 ubicunque
935 1306 1008 1364 mibi
1029 1325 1048 1365 a
1069 1325 1114 1366 co·

151 1390 266 1449 dicibus
287 1387 483 1448 recedendum
504 1405 568 1447 esse
589 1391 742 1464 putarem,
768 1387 800 1446 id
829 1388 1015 1464 paucissimis
1041 1390 1115 1452 locis

151 1474 283 1548 exceptis
304 1471 467 1530 indicarem
487 1471 624 1546 idemque
639 1471 794 1548 exscriptis
807 1473 941 1532 virorum
958 1475 1114 1534 doctorum

150 1557 322 1616 nominibus
343 1554 529 1614 coniecturas
551 1555 583 1614 in
604 1556 696 1614 verba
715 1555 868 1632 scriptoris
889 1561 1024 1634 mospius
1046 1559 1114 1618 dili-

150 1645 258 1716 genter
284 1643 451 1714 enotarem3
484 1638 567 1714 quod
592 1655 660 1698 cum
690 1657 796 1714 parum
825 1643 961 1700 accurate
993 1642 1115 1702 lecisset

150 1725 291 1797 deictus,
314 1717 511 1800 qnipriorem
525 1719 687 1782 editionem
700 1721 827 1796 curavit,
843 1739 987 1803 persaepe
1002 1723 1114 1784 fectum

151 1807 211 1880 est,
233 1811 286 1880 ut,
307 1808 359 1882 qui
374 1805 580 1866 Teubnerisna
595 1801 729 1865 editione
743 1805 897 1881 utebatur,
919 1807 997 1866 haud
1012 1809 1114 1883 paucis

150 1893 183 1950 in
204 1891 381 1950 lectionibus
403 1890 553 1962 haereret,
584 1889 657 1964 quid
681 1889 827 1949 librorum
855 1894 933 1950 essct
957 1893 1113 1966 scriptura,

150 1975 223 2050 qnid
247 1975 380 2034 virorum
402 1974 557 2033 doctorum
579 1973 756 2032 coniectura.
798 1973 913 2032 Deinde
945 1974 1031 2034 fcoile
1063 1995 1113 2050 pe·

150 2059 229 2117 tebit
243 2077 290 2117 me
304 2059 337 2116 in
357 2057 458 2118 verbis
473 2057 627 2132 scriptonis
649 2057 864 2117 constituendis
879 2057 981 2133 paullo
1003 2059 1114 2118 maiore

150 2141 252 2200 iudicii
284 2141 423 2200 libertate
454 2159 542 2200 usum
576 2159 640 2200 esse
678 2159 768 2216 quam
801 2139 957 2215 (doiorum,
996 2143 1048 2218 qui
1079 2145 1115 2202 ut

150 2228 217 2284 eret
243 2227 346 2284 anxius
373 2225 406 2283 in
431 2224 542 2284 tuenda
566 2224 713 2283 librorum
740 2226 885 2284 memonia
910 2226 960 2286 vel
991 2225 1114 2285 nimiam

151 2309 319 2386 cautionem
346 2308 379 2366 in
405 2308 460 2367 hoo
488 2325 598 2385 genere
619 2307 787 2368 adhibuisse
808 2309 937 2368 videtur.
980 2309 1059 2368 Nem
1080 2313 1115 2370 ut

149 2392 271 2450 Anicni
286 2391 392 2463 verbs,
415 2391 497 2450 vitiis
518 2391 656 2466 plurimis
671 2389 850 2466 deformata,
873 2411 949 2469 quae
963 2393 1114 2454 codicibus

149 2475 261 2534 nostris
289 2475 427 2534 omnibus
446 2474 541 2534 multo
563 2474 625 2534 sint
646 2475 825 2550 antiquiora,
849 2477 1052 2538 emendatiore
1066 2495 1114 2535 ex-

149 2559 325 2631 hibeantur,
347 2557 427 2617 haud
441 2557 530 2616 dubie
545 2557 659 2634 ingenii
673 2559 802 2618 inventis
818 2577 892 2635 opus
906 2560 971 2622 fuit.
1007 2560 1113 2631 Quam-
1160 2559 1165 2572 '

147 2643 255 2718 ,obrem
283 2641 326 2700 eis
354 2641 441 2714 locis,
475 2659 549 2716 quos
576 2641 765 2702 librariorum
792 2642 909 2702 incuria
936 2643 1114 2719 depravatos

150 2743 215 2785 csso
238 2725 326 2784 certis
348 2724 385 2783 de
400 2725 510 2784 caussis
525 2725 587 2785 sive
609 2725 715 2800 logicis
735 2726 797 2784 aive
818 2727 1019 2802 grammaticis
1040 2727 1113 2787 mihi

149 2827 327 2884 persuasum
367 2807 471 2881 habui,
515 2809 736 2868 emendationes
771 2809 923 2884 Rspbelii‚
961 2809 1113 2882 Gronovii,

149 2891 324 2964 Blancsrdi‚
346 2891 491 2967 Pflugkii,
514 2891 694 2968 Krdgeri,
718 2891 907 2966 Sintenis,
931 2894 1114 2968 quisenten·

148 2976 261 3035 tiorum
290 2975 511 3034 continuatione
532 2975 685 3050 ipsiusque
706 2975 859 3050 scriptoris
880 2975 980 3036 indole
1001 2982 1114 3038 ments-

149 3077 207 3135 que
229 3061 260 3118 et
281 3058 398 3117 dicendi
412 3059 624 3118 consuetudine
646 3058 807 3136 diligenter
822 3059 978 3120 observato
997 3065 1115 3136 praeter

149 3145 265 3202 ceteros
293 3142 329 3202 do
351 3141 491 3201 Armeno*
506 3142 683 3202 coniecturis
704 3142 888 3203 emendando
914 3145 1032 3220 egregie
1053 3165 1114 3206 me·

147 3226 203 3284 riti
225 3227 310 3298 sunt,
340 3226 457 3285 inferre·
471 3243 533 3285 non
553 3227 667 3286 veritus
688 3245 768 3300 sum,
794 3231 877 3287 ratus
898 3247 946 3286 me
968 3228 1024 3288 hoc
1046 3247 1114 3288 con·

148 3309 217 3370 silio
239 3310 371 3368 tironum
386 3308 564 3382 commodis,
586 3309 694 3385 quibus
716 3309 788 3369 heac
803 3312 893 3370 editio
916 3311 965 3372 vcl
987 3313 1115 3370 menime

149 3393 299 3452 destinate
325 3395 385 3465 est,
419 3391 527 3452 melius
555 3393 777 3468 consulturum,
809 3413 898 3470 quem
926 3395 952 3454 si
979 3395 1114 3454 codicum

147 3476 306 3536 manifesta
326 3471 405 3537 vitia
426 3475 624 3536 retinuissem.
669 3476 755 3536 Hanc
776 3479 923 3538 rationem
945 3495 1012 3536 cum
1035 3481 1113 3536 tene-
