2620 3924
496 155 681 208 ΔΝΑΒΔΣΙΣ
698 160 722 220 3,
742 158 766 212 1.
1065 151 1107 216 99

146 314 263 384 χοντο·
290 293 346 364 καί
372 293 548 380 ἀπέθανον
574 296 697 375 πάντες
721 292 829 364 αύτού
854 293 1035 382 μαχόμενοι
1061 290 1107 372 άς

147 400 281 466 ἕκαστοι
300 397 506 484 ἐτάχθησαν·
534 403 658 476 παῖδας
680 395 717 466 δὲ
740 397 797 466 καὶ
820 411 985 482 γυναῖκας
1011 397 1108 482 ἐξην-

148 497 353 585 δραπόδισεν
369 495 485 566 αύτολν
496 496 723 585 Ἀλέξανδρος.
747 497 810 582 τὴν
824 496 923 566 πόλιν
936 495 974 564 δὲ
994 498 1109 576 ξυνοι-

147 607 252 695 κίσας
267 601 304 667 ἐκ
321 603 390 666 τῶν
409 607 589 687 περιοίκων
609 601 726 686 έχρητο
741 595 803 666 ὅσα
820 605 977 688 φρουρίῳ
997 600 1030 676 ές
1047 595 1109 664 τδν

120 730 135 772 ι
148 699 307 787 πόλεμον.

527 880 728 889 -ῌ

481 1075 778 1162 APPIANOY

285 1261 601 1337 ΑΝΑΒΑΣΕΩΣ
627 1259 979 1342 ΑΛΕΞΑΝΔΡΟΤ

469 1430 623 1482 Rumon
640 1429 784 1482 TP1TON.

224 1601 442 1689 Ἀλέξανδρος
456 1603 493 1672 δὲ
508 1601 555 1672 ἐπ’
575 1602 770 1690 Αἰγύπτου,
788 1607 909 1691 ἵναπερ
921 1602 959 1672 τὰ
974 1606 1136 1688 πράτονλ

111 1733 137 1774 15
152 1703 306 1793 άρμύγδη,
321 1705 504 1791 ἐστέλλετο,
518 1705 575 1774 καί
590 1703 715 1792 ἑβδόμη
730 1703 838 1793 ἡμέρᾳ
852 1701 919 1772 άπὸ
932 1707 991 1788 τῆς
1006 1703 1109 1790 Γάζης

150 1804 305 1874 ἐλαύνων
327 1794 407 1890 ἧκεν
433 1807 466 1883 ἐς
483 1804 685 1892 ’Πηλούσιον
708 1808 766 1889 τῆς
793 1803 984 1888 Αἰγύπτου.
1029 1801 1047 1870 ὁ
1071 1802 1109 1871 δὲ

148 1905 308 1983 ναυτικὸς
326 1905 466 1993 στρατὸς
481 1907 642 1992 παρέπλει
655 1902 748 1993 αύτῷ
769 1906 805 1972 ἐκ
821 1910 980 1991 Φοινίκης
999 1900 1044 1982 (ἐς
1059 1900 1107 1972 ἐπ’

150 2016 345 2092 Αίγυπτον’
365 2006 422 2074 καὶ
436 2004 685 2092 καταλαμβάνει
697 2004 757 2082 τάς
770 2008 857 2082 ναῦς
872 2007 909 2072 ἐν
924 2011 1108 2095 Πηλουσίῳ

148 2105 333 2194 ὁρμούσας.
374 2106 535 2194 Μαζάκης
552 2105 591 2174 δέ
614 2102 632 2174 ὁ
652 2107 805 2193 Πέρσης,
824 2100 861 2183 δς
877 2096 920 2191 ἦν
938 2105 1108 2192 σατράπης
1125 2120 1142 2167 2
1193 2175 1195 2180 ,

109 2237 137 2278 εο
151 2208 332 2293 Αἰγύπτου
353 2209 389 2276 ἐκ
405 2215 556 2296 Δαρείου
573 2205 806 2293 καθεστηκώς,
828 2205 891 2290 τήν
907 2232 943 2274 τε
961 2209 998 2275 ἐν
1013 2205 1108 2296 Ἰσσῷ

149 2308 259 2396 μάχην
284 2305 375 2386 ὅπως
407 2309 533 2396 συνέβη
557 2310 771 2394 πεπυσμένος
800 2308 858 2374 καὶ
885 2317 1035 2394 Δαρεῖον
1059 2303 1110 2374 ὅτι

151 2411 273 2498 αἰσχρᾷ
288 2410 383 2496 φυγῇ
401 2414 518 2495 ἔφυγε,
533 2410 591 2476 καὶ
607 2417 769 2494 Φοινίκην
781 2433 817 2474 τε
830 2408 887 2475 καί
902 2416 1038 2494 Συρίαν
1051 2408 1109 2476 καί

99 2554 107 2568 ·
150 2513 209 2594 τῆς
233 2508 392 2596 Ἀραβίας
415 2509 457 2576 τά
484 2508 592 2578 πολλά
615 2507 685 2577 ύπδ
707 2507 932 2595 Ἀλεξάνδρου
955 2507 1109 2594 ἐχόμενα,

150 2608 243 2700 αύτῷ
261 2637 297 2678 τε
310 2608 374 2678 ούκ
388 2607 491 2697 ούσης
505 2608 681 2696 δυνάμεως
696 2611 874 2695 Περσικῆς,
893 2609 1022 2694 ἐδέχετο
1034 2622 1108 2688 ταῖς

112 2737 138 2777 ει
151 2710 268 2778 πόλεσι
291 2717 411 2798 φιλίως
430 2712 487 2778 καί
504 2713 546 2798 τῇ
569 2710 663 2798 χύρᾳ
683 2707 913 2796 Ἀλέξανδρον.
954 2707 973 2776 δ
998 2707 1037 2776 δὲ
1059 2714 1108 2786 εἰς

149 2809 212 2898 μὲν
231 2803 424 2898 Πηλούσιον
442 2811 600 2899 φυλακὴν
617 2809 792 2896 εἰσήγαγε,
808 2808 890 2887 τούς
907 2807 946 2877 δὲ
965 2809 1020 2878 ἐπὶ
1037 2811 1108 2876 τῶν
1125 2824 1142 2874 8

149 2915 238 2980 νεῶν
256 2910 422 2980 ἀναπλεῖν
439 2911 523 2980 κατά
541 2912 601 2978 τὸν
620 2909 772 2998 ποταμὸν
789 2908 950 2988 κελεύσας
966 2915 1037 2978 ἐστε
1052 2909 1108 2978 ἐπὶ

151 3014 293 3099 Μέμφιν
307 3013 405 3081 πόλιν
419 3011 522 3091 αύτδς
543 3011 591 3099 ἐφ’
610 3010 856 3089 Ἡλιουπόλεως
873 3007 943 3097 ᾔει,
962 3011 999 3078 έν
1017 3013 1107 3098 δεξιᾷ

152 3119 238 3199 έχων
261 3113 321 3182 τὸν
339 3113 490 3200 ποταμὸν
506 3112 568 3181 τὸν
588 3120 733 3200 Νείλου,
756 3113 813 3180 καί
838 3108 901 3180 ὅσα
924 3109 1002 3180 καθ’
1023 3109 1107 3180 δδδν

113 3239 138 3278 ιο
150 3221 256 3301 χωρία
271 3213 471 3283 ἐνδιδόντων
484 3219 553 3282 τῶν
568 3214 791 3283 ἐνοικούντων
800 3211 976 3298 κατασχών
985 3214 1039 3281 διά
1049 3217 1107 3298 τῆς

153 3314 277 3402 ἐρήμου
301 3313 441 3402 άφίκετο
466 3317 500 3394 ἐς
515 3315 738 3384 Ἡλιούπολιν.
774 3317 905 3382 ἐκεῖθεν
928 3313 966 3384 δὲ
989 3314 1142 3402 διαβάςι

151 3413 211 3484 τδν
235 3414 342 3504 πύρον
366 3407 445 3502 ἧκεν
472 3418 505 3494 ές
530 3416 689 3503 Μέμφιν·
722 3416 779 3482 καί
801 3414 882 3484 θύει
900 3417 969 3483 ἐκεῖ
982 3430 1054 3493 τοῖς
1071 3439 1107 3481 τε

921 3523 955 3574 Ὶΰ
