2620 3924
418 178 750 244 εαιεεειτε,ιε.ιε.
1038 177 1080 244 85

111 319 153 386 τά
172 317 211 388 δὲ
237 316 324 408 πρὸς
348 317 436 408 αὐτή
460 321 502 407 τή
527 319 639 404 πόλει,
664 323 721 387 ἵνα
744 318 782 387 τὸ
804 317 1000 406 βαθύτατον
1017 320 1079 390 τοῦ

113 420 281 508 διάπλου,
305 423 408 510 τριῶν
431 419 574 509 μάλιστα
599 419 750 509 ὀργυιῶν
774 421 813 490 τὰ
837 421 955 508 βάθος.
993 419 1080 490 άλλά

113 529 225 592 λίθων
239 549 275 590 τε
293 524 429 591 πολλῶν
447 521 601 610 ἀφθονία
618 513 661 608 ήν
678 523 736 590 καὶ
753 519 856 610 ὕλης,
873 520 991 609 ήντινα
1009 537 1081 601 τοῖς
1172 537 1176 545 “

114 631 226 702 λίθοις
252 621 388 694 άνωθεν
414 621 622 712 ἐπεφόρουν·
653 623 796 712 χάρακές
815 649 850 692 τε
868 621 909 692 οὐ
928 626 1081 710 χαλεπῶς

88 724 371 812 εκατεπήγνυντο
393 721 432 794 έν
449 727 497 816 τῶ
517 727 611 814 πηλῷ
629 727 686 792 καὶ
711 723 852 804 αὐτόςὸ
871 725 976 812 πηλὸς
995 723 1080 806 ξάν-

114 831 236 913 δεσμος
267 841 339 907 τοῖς
363 834 474 906 λίθοις
498 823 533 905 ές
560 827 599 894 τὸ
625 823 794 913 ἐπιμένειν
820 824 982 912 ἐγίγνετο,
1022 827 1115 898 καὶλ

19 929 36 972 *⁰
114 935 293 1016 προθυμία
306 930 376 996 τῶν
391 927 606 998 Μακεδόνων
620 934 669 1006 είς
683 928 721 995 τδ
738 934 838 1017 ἔργον
852 929 910 996 καὶ
922 925 1080 1008 Ἀλεξάν-

114 1034 200 1117 δρου
220 1028 327 1115 πολλή
345 1020 388 1114 ἦν
407 1029 575 1118 παρόντος
601 1053 637 1096 τε
655 1027 762 1098 αὐτοῦ
788 1031 846 1099 καὶ
865 1033 987 1098 ἕκαστα
1006 1027 1082 1116 έξη-
1185 1108 1187 1113 .

114 1129 287 1226 γουμένου
312 1132 370 1198 καὶ
395 1130 436 1198 τά
460 1130 523 1218 μὲν
547 1129 639 1220 λόγῳ
664 1127 880 1220 ἐπαίροντος,
903 1130 944 1198 τά
969 1131 1006 1200 δέ
1024 1131 1082 1198 καὶ

76 1260 102 1299 ιο
114 1231 261 1318 χρήμασι
277 1231 360 1310 τοός
384 1257 416 1299 τι
434 1227 698 1320 ἐκπρεπέστερον
715 1230 789 1300 κατ’
810 1230 933 1320 ἀρετήν
951 1256 1082 1300 πονου-

114 1331 240 1420 μένους
265 1330 551 1421 έπικουφιζοντος.
584 1331 661 1400 ἀλλ’
688 1339 761 1402 ἔστε
783 1333 846 1420 μὲν
870 1331 909 1400 τό
930 1331 1015 1422 πρὸς
1038 1333 1081 1421 τῇ

114 1433 245 1525 ήπείρςο
265 1431 451 1522 έχάννυτο,
470 1432 512 1504 οό
532 1437 685 1520 χαλεπῶς
704 1431 894 1524 προόχῶρει
910 1433 949 1502 τὸ
969 1441 1083 1525 ἔργον,

116 1534 173 1606 ἐπὶ
192 1535 300 1623 βάθος
319 1561 355 1604 τε
372 1534 491 1621 ὀλίγον
504 1534 724 1623 χωννύμενον
737 1537 794 1609 καί
813 1534 954 1616 οὐδενὸς
973 1535 1082 1624 ἐξείρ-

115 1664 245 1723 γοντος.
291 1635 336 1716 ῶς
360 1636 398 1706 δὲ
421 1639 470 1728 τῷ
496 1663 532 1706 τε
554 1637 735 1729 βαθυτέρῳ
759 1635 822 1726 ήδη
848 1635 1007 1721 ἐπέλαζον
1024 1639 1116 1704 καλε

78 1766 103 1807 ιε
117 1735 187 1826 ἅμα
211 1740 254 1825 τή
281 1737 377 1806 πόλει
400 1737 489 1826 αὐτή
514 1737 619 1826 έγγδς
642 1736 837 1826 ἐγίγνοντο,
862 1737 930 1807 άπό
953 1766 988 1807 τε
1012 1741 1082 1805 τῶν

115 1842 254 1926 τειχῶν,
276 1838 423 1926 όγηλῶν
447 1837 576 1928 όντων,
606 1839 809 1927 βαλλόμενοι
830 1837 1083 1924 ἐκακοπάθουν,

116 1938 175 2009 άτε
192 1941 256 2008 καί
269 1938 325 2008 ἔπ’
346 1937 488 2031 ἐργασίᾳ
506 1939 636 2028 μᾶλλόν
653 1936 722 2028 τιή
741 1939 787 2020 ῶς
805 1939 839 2020 ές
857 1941 967 2028 μάχην
985 1939 1081 2027 άκρι-

116 2045 186 2130 βῶς
204 2038 418 2129 ἐσταλμένοι,
443 2043 501 2110 καὶ
524 2057 599 2122 ταῖς
617 2041 784 2131 τριήρεσιν
807 2039 893 2130 άλλη
913 2044 970 2110 καὶ
995 2039 1081 2130 άλλη

51 2151 54 2157 ’
116 2145 179 2211 τοῦ
193 2143 348 2230 χῶματος
363 2140 577 2230 ἐπιπλέοντες
591 2148 627 2212 οί
640 2143 768 2232 Τόριοι,
782 2140 839 2212 ἅτε
853 2143 894 2230 δή
907 2151 1080 2213 θαλασσο-

80 2271 105 2312 εο
118 2247 321 2333 κρατοῦντες
337 2251 397 2331 ἔτι,
415 2241 545 2333 άπορον
560 2247 709 2332 πολλαχῆ
727 2245 790 2331 τήν
807 2244 998 2332 πρόσχωσιν
1010 2259 1082 2322 τοῖς

118 2331 315 2414 Μακεδόσιν
347 2343 497 2414 ἐποίουν.
546 2347 603 2414 καὶ
635 2351 671 2414 οί
698 2346 895 2426 Μακεδόνες
927 2346 1115 2435 πόργους6

118 2445 234 2516 ἐπάνω
251 2448 313 2514 τοῦ
333 2445 504 2534 χείματος,
530 2443 550 2514 ό
571 2473 603 2514 τι
620 2472 682 2534 περ
700 2448 946 2538 προκεχωρήκει
962 2445 1081 2532 αὐτοῖς

118 2545 175 2618 ἐπὶ
193 2549 282 2616 πολε)
302 2551 362 2634 τής
376 2547 564 2636 θαλάσσης,
583 2546 769 2636 ἐπέστησαν
783 2550 847 2618 δόο
860 2550 917 2618 καὶ
931 2548 1082 2636 μηχανάς

118 2648 175 2718 ἐπὶ
203 2665 275 2728 τοῖς
301 2649 452 2738 πόργοις.
498 2649 765 2738 προκαλύμματα
796 2649 834 2719 δὲ
865 2652 993 2740 δέρρεις
1023 2651 1082 2719 καὶ
1119 2668 1122 2673 “

78 2777 104 2818 τι
118 2752 279 2838 διφθέραι
296 2749 413 2830 αὐτοῦς
437 2741 543 2836 ήσαν,
569 2748 615 2830 ῶς
634 2750 715 2838 μήτε
734 2751 923 2840 πυρφόροις
945 2752 1081 2840 βέλεσιν

118 2850 185 2920 άπὸ
215 2853 277 2919 τοῶ
302 2858 434 2939 τείχους
458 2851 662 2938 βάλλεσθαι,
693 2867 765 2931 τοῖς
789 2877 826 2920 τε
851 2853 1081 2941 ἐργαζομένοις

118 2951 291 3041 προβολήν
306 2949 343 3020 έν
356 2955 403 3044 τῷ
418 2950 512 3042 αὐτῷ
527 2951 613 3020 εἶναι
627 2951 713 3041 πρὸς
725 2952 767 3020 τά
780 2952 984 3040 τοξεύματα·
1012 2951 1080 3040 ἅμα

118 3080 154 3122 τε
176 3050 249 3122 ὅσοι
271 3051 518 3144 προσπλέοντες
543 3057 615 3122 τῶν
645 3061 781 3142 Τυρίων
806 3060 974 3142 ἔβλαπτον
998 3055 1080 3135 τούς
1155 3113 1161 3126 ,

118 3153 329 3241 χωνυόντας,
343 3153 410 3224 ἀπὸ
423 3157 492 3222 τῶν
502 3155 645 3245 πάργων
658 3156 859 3244 βαλλόμενοι
869 3155 910 3226 οό
927 3160 1081 3244 χαλεπῶς

79 3281 106 3322 ιε
119 3256 412 3343 ἀνασταλήσεσθαι
431 3263 578 3343 ἔμελλον.

190 3357 282 3429 Οίδέ
297 3357 414 3446 Τόριοι
423 3359 506 3446 πρὸς
516 3361 625 3426 ταῶτα
635 3356 927 3446 ἀντιμηχανῶνται
935 3360 1077 3429 τοῖόνδε.
1091 3370 1131 3433 19

117 3461 208 3529 ναῶν
223 3459 427 3546 ἱππαγωγὸν
440 3457 619 3547 κλημάτων
633 3485 668 3528 τε
681 3462 792 3551 ξηρῶν
805 3463 862 3530 καὶ
876 3459 978 3550 άλλης
996 3457 1079 3548 ὕλης
