<?xml version="1.0" encoding="UTF-8"?>
<!DOCTYPE html PUBLIC "-//W3C//DTD XHTML 1.0 Transitional//EN"
    "http://www.w3.org/TR/xhtml1/DTD/xhtml1-transitional.dtd">
<html xmlns="http://www.w3.org/1999/xhtml" xml:lang="en" lang="en">
 <head>
  <title>
</title>
<meta http-equiv="Content-Type" content="text/html;charset=utf-8" />
  <meta name='ocr-system' content='tesseract 3.04.00' />
  <meta name='ocr-capabilities' content='ocr_page ocr_carea ocr_par ocr_line ocrx_word'/>
</head>
<body>
  <div class='ocr_page' id='page_1' title='image "./arrianianabasis01arrigoog_0213.png"; bbox 0 0 2632 3922; ppageno 0'>
   <div class='ocr_carea' id='block_1_1' title="bbox 211 42 897 140">
    <p class='ocr_par' dir='ltr' id='par_1_1' title="bbox 211 42 897 140">
     <span class='ocr_line' id='line_1_1' title="bbox 211 42 897 140; baseline 0.007 -15"><span class='ocrx_word' id='word_1_1' title='bbox 211 73 272 138; x_wconf 86' lang='lat'><em>196</em></span> <span class='ocrx_word' id='word_1_2' title='bbox 568 70 819 140; x_wconf 65' lang='grc' dir='ltr'><em>εοεεεοοεοω</em></span> <span class='ocrx_word' id='word_1_3' title='bbox 894 42 897 47; x_wconf 62' lang='grc'><strong>’</strong></span> 
     </span>
    </p>
   </div>
   <div class='ocr_carea' id='block_1_2' title="bbox 128 229 1292 3440">
    <p class='ocr_par' dir='ltr' id='par_1_2' title="bbox 128 229 1292 3440">
     <span class='ocr_line' id='line_1_2' title="bbox 209 229 1292 320; baseline 0 -21"><span class='ocrx_word' id='word_1_4' title='bbox 209 259 290 311; x_wconf 86' lang='grc' dir='ltr'><em>τους</em></span> <span class='ocrx_word' id='word_1_5' title='bbox 314 257 350 302; x_wconf 86' lang='grc' dir='ltr'><em>τε</em></span> <span class='ocrx_word' id='word_1_6' title='bbox 376 231 433 301; x_wconf 81' lang='grc' dir='ltr'><em>καὶ</em></span> <span class='ocrx_word' id='word_1_7' title='bbox 459 229 528 320; x_wconf 85' lang='grc' dir='ltr'><em>άμα</em></span> <span class='ocrx_word' id='word_1_8' title='bbox 556 231 805 313; x_wconf 74' lang='grc' dir='ltr'><em>εὐοπλοτάτους</em></span> <span class='ocrx_word' id='word_1_9' title='bbox 837 233 896 300; x_wconf 79' lang='grc' dir='ltr'><em>καὶ</em></span> <span class='ocrx_word' id='word_1_10' title='bbox 927 235 996 302; x_wconf 88' lang='grc' dir='ltr'><em>τῶν</em></span> <span class='ocrx_word' id='word_1_11' title='bbox 1030 235 1187 320; x_wconf 79' lang='grc' dir='ltr'><em>ἑταίρων</em></span> <span class='ocrx_word' id='word_1_12' title='bbox 1291 267 1292 276; x_wconf 47' lang='lat'>1</span> 
     </span>
     <span class='ocr_line' id='line_1_3' title="bbox 213 331 1292 414; baseline 0.002 -14"><span class='ocrx_word' id='word_1_13' title='bbox 213 333 343 402; x_wconf 83' lang='grc' dir='ltr'><em>ίππέωυ</em></span> <span class='ocrx_word' id='word_1_14' title='bbox 376 335 410 414; x_wconf 82' lang='grc' dir='ltr'><em>ές</em></span> <span class='ocrx_word' id='word_1_15' title='bbox 438 338 633 414; x_wconf 80' lang='grc' dir='ltr'><em>διακοσίους</em></span> <span class='ocrx_word' id='word_1_16' title='bbox 655 335 712 403; x_wconf 81' lang='grc' dir='ltr'><em>καὶ</em></span> <span class='ocrx_word' id='word_1_17' title='bbox 739 333 959 414; x_wconf 76' lang='grc' dir='ltr'><em>ἱπποτοξότας</em></span> <span class='ocrx_word' id='word_1_18' title='bbox 986 335 1019 412; x_wconf 84' lang='grc' dir='ltr'><em>ές</em></span> <span class='ocrx_word' id='word_1_19' title='bbox 1053 331 1186 403; x_wconf 80' lang='grc' dir='ltr'><em>ἑκατὸν</em></span> <span class='ocrx_word' id='word_1_20' title='bbox 1291 361 1292 408; x_wconf 48' lang='lat'>3</span> 
     </span>
     <span class='ocr_line' id='line_1_4' title="bbox 210 433 1292 526; baseline 0.001 -25"><span class='ocrx_word' id='word_1_21' title='bbox 210 439 360 520; x_wconf 82' lang='grc' dir='ltr'><em>προσῆγε</em></span> <span class='ocrx_word' id='word_1_22' title='bbox 373 439 417 523; x_wconf 80' lang='grc' dir='ltr'><em>τῇ</em></span> <span class='ocrx_word' id='word_1_23' title='bbox 432 435 548 524; x_wconf 80' lang='grc' dir='ltr'><em>πέτρᾳ.</em></span> <span class='ocrx_word' id='word_1_24' title='bbox 592 434 650 502; x_wconf 79' lang='grc' dir='ltr'><em>ιιαδ</em></span> <span class='ocrx_word' id='word_1_25' title='bbox 667 435 775 524; x_wconf 90' lang='grc' dir='ltr'><em>ταότη</em></span> <span class='ocrx_word' id='word_1_26' title='bbox 799 433 863 526; x_wconf 71' lang='grc' dir='ltr'><em>μὲν</em></span> <span class='ocrx_word' id='word_1_27' title='bbox 884 439 928 521; x_wconf 81' lang='grc' dir='ltr'><em>τῇ</em></span> <span class='ocrx_word' id='word_1_28' title='bbox 950 433 1057 524; x_wconf 81' lang='grc' dir='ltr'><em>ἡμέρᾳ</em></span> <span class='ocrx_word' id='word_1_29' title='bbox 1074 460 1181 502; x_wconf 83' lang='grc' dir='ltr'><em>τιατε-</em></span> <span class='ocrx_word' id='word_1_30' title='bbox 1291 442 1292 450; x_wconf 44' lang='lat'>³</span> 
     </span>
     <span class='ocr_line' id='line_1_5' title="bbox 210 532 1182 624; baseline 0.001 -23"><span class='ocrx_word' id='word_1_31' title='bbox 210 533 518 621; x_wconf 79' lang='grc' dir='ltr'><em>στρατοπεδεύσατο</em></span> <span class='ocrx_word' id='word_1_32' title='bbox 536 539 594 605; x_wconf 77' lang='grc' dir='ltr'><em>ἵνα</em></span> <span class='ocrx_word' id='word_1_33' title='bbox 613 534 800 622; x_wconf 80' lang='grc' dir='ltr'><em>ἐπιτήδειον</em></span> <span class='ocrx_word' id='word_1_34' title='bbox 817 532 911 624; x_wconf 77' lang='grc' dir='ltr'><em>αὐτῷ</em></span> <span class='ocrx_word' id='word_1_35' title='bbox 930 537 1102 621; x_wconf 81' lang='grc' dir='ltr'><em>ἐφαίνετο·</em></span> <span class='ocrx_word' id='word_1_36' title='bbox 1130 537 1182 622; x_wconf 81' lang='grc' dir='ltr'><em>τῇ</em></span> 
     </span>
     <span class='ocr_line' id='line_1_6' title="bbox 209 632 1211 726; baseline 0.002 -24"><span class='ocrx_word' id='word_1_37' title='bbox 209 633 248 702; x_wconf 77' lang='grc' dir='ltr'><em>δὲ</em></span> <span class='ocrx_word' id='word_1_38' title='bbox 266 632 429 726; x_wconf 79' lang='grc' dir='ltr'><em>ὑστεραίᾳ</em></span> <span class='ocrx_word' id='word_1_39' title='bbox 451 635 570 722; x_wconf 87' lang='grc' dir='ltr'><em>ὀλίγον</em></span> <span class='ocrx_word' id='word_1_40' title='bbox 587 634 768 724; x_wconf 78' lang='grc' dir='ltr'><em>προελθών</em></span> <span class='ocrx_word' id='word_1_41' title='bbox 793 633 839 714; x_wconf 82' lang='grc' dir='ltr'><em>ῶς</em></span> <span class='ocrx_word' id='word_1_42' title='bbox 862 634 947 726; x_wconf 87' lang='grc' dir='ltr'><em>πρός</em></span> <span class='ocrx_word' id='word_1_43' title='bbox 964 635 1028 721; x_wconf 82' lang='grc' dir='ltr'><em>τὴν</em></span> <span class='ocrx_word' id='word_1_44' title='bbox 1045 635 1182 724; x_wconf 90' lang='grc' dir='ltr'><em>πέτραν</em></span> <span class='ocrx_word' id='word_1_45' title='bbox 1196 655 1211 695; x_wconf 89' lang='lat'>⁵</span> 
     </span>
     <span class='ocr_line' id='line_1_7' title="bbox 209 726 675 824; baseline 0.004 -22"><span class='ocrx_word' id='word_1_46' title='bbox 209 726 312 814; x_wconf 78' lang='grc' dir='ltr'><em>αὖθις</em></span> <span class='ocrx_word' id='word_1_47' title='bbox 340 731 675 824; x_wconf 80' lang='grc' dir='ltr'><em>έσπράτοπεδεάσατο.</em></span> 
     </span>
     <span class='ocr_line' id='line_1_8' title="bbox 167 825 1181 928; baseline 0.003 -27"><span class='ocrx_word' id='word_1_48' title='bbox 167 835 210 901; x_wconf 91' lang='grc'><em>29</em></span> <span class='ocrx_word' id='word_1_49' title='bbox 287 837 355 904; x_wconf 77' lang='grc' dir='ltr'><em>Καὶ</em></span> <span class='ocrx_word' id='word_1_50' title='bbox 377 839 414 905; x_wconf 86' lang='grc' dir='ltr'><em>έν</em></span> <span class='ocrx_word' id='word_1_51' title='bbox 430 837 542 928; x_wconf 78' lang='grc' dir='ltr'><em>τοότμ</em></span> <span class='ocrx_word' id='word_1_52' title='bbox 559 825 643 923; x_wconf 74' lang='grc' dir='ltr'><em>ἧκον</em></span> <span class='ocrx_word' id='word_1_53' title='bbox 656 835 737 924; x_wconf 89' lang='grc' dir='ltr'><em>παρ’</em></span> <span class='ocrx_word' id='word_1_54' title='bbox 755 833 864 906; x_wconf 85' lang='grc' dir='ltr'><em>αάτδν</em></span> <span class='ocrx_word' id='word_1_55' title='bbox 877 841 946 906; x_wconf 91' lang='grc' dir='ltr'><em>τῶν</em></span> <span class='ocrx_word' id='word_1_56' title='bbox 964 833 1181 926; x_wconf 77' lang='grc' dir='ltr'><em>προσχώρων</em></span> 
     </span>
     <span class='ocr_line' id='line_1_9' title="bbox 165 935 1181 1030; baseline 0.001 -26"><span class='ocrx_word' id='word_1_57' title='bbox 165 1025 167 1030; x_wconf 68' lang='lat'>,</span> <span class='ocrx_word' id='word_1_58' title='bbox 209 949 311 1023; x_wconf 85' lang='grc' dir='ltr'><em>τινές,</em></span> <span class='ocrx_word' id='word_1_59' title='bbox 343 941 432 1023; x_wconf 84' lang='grc' dir='ltr'><em>σφᾶς</em></span> <span class='ocrx_word' id='word_1_60' title='bbox 459 964 495 1006; x_wconf 91' lang='grc' dir='ltr'><em>τε</em></span> <span class='ocrx_word' id='word_1_61' title='bbox 521 936 647 1016; x_wconf 83' lang='grc' dir='ltr'><em>αάτούς</em></span> <span class='ocrx_word' id='word_1_62' title='bbox 681 938 870 1018; x_wconf 78' lang='grc' dir='ltr'><em>ἐνδιδόντες</em></span> <span class='ocrx_word' id='word_1_63' title='bbox 895 939 953 1006; x_wconf 79' lang='grc' dir='ltr'><em>καὶ</em></span> <span class='ocrx_word' id='word_1_64' title='bbox 986 935 1181 1024; x_wconf 76' lang='grc' dir='ltr'><em>ἡγήσεσθαι</em></span> 
     </span>
     <span class='ocr_line' id='line_1_10' title="bbox 209 1035 1178 1126; baseline 0.003 -22"><span class='ocrx_word' id='word_1_65' title='bbox 209 1037 394 1124; x_wconf 85' lang='grc' dir='ltr'><em>φάσκοντες</em></span> <span class='ocrx_word' id='word_1_66' title='bbox 418 1040 451 1116; x_wconf 82' lang='grc' dir='ltr'><em>ἐς</em></span> <span class='ocrx_word' id='word_1_67' title='bbox 469 1040 527 1124; x_wconf 78' lang='grc' dir='ltr'><em>τῆς</em></span> <span class='ocrx_word' id='word_1_68' title='bbox 544 1038 667 1126; x_wconf 89' lang='grc' dir='ltr'><em>πέτρας</em></span> <span class='ocrx_word' id='word_1_69' title='bbox 685 1038 723 1105; x_wconf 89' lang='grc' dir='ltr'><em>τδ</em></span> <span class='ocrx_word' id='word_1_70' title='bbox 743 1036 1007 1126; x_wconf 71' lang='grc' dir='ltr'><em>ἐπιμαχώτατον,</em></span> <span class='ocrx_word' id='word_1_71' title='bbox 1031 1035 1114 1106; x_wconf 80' lang='grc' dir='ltr'><em>ὅθεν</em></span> <span class='ocrx_word' id='word_1_72' title='bbox 1132 1035 1178 1107; x_wconf 79' lang='grc' dir='ltr'><em>οὐ</em></span> 
     </span>
     <span class='ocr_line' id='line_1_11' title="bbox 169 1133 1224 1229; baseline 0.006 -23"><span class='ocrx_word' id='word_1_73' title='bbox 169 1185 171 1190; x_wconf 83' lang='lat'><em>·</em></span> <span class='ocrx_word' id='word_1_74' title='bbox 209 1137 357 1224; x_wconf 85' lang='grc' dir='ltr'><em>χαλεπόν</em></span> <span class='ocrx_word' id='word_1_75' title='bbox 384 1135 478 1229; x_wconf 74' lang='grc' dir='ltr'><em>αὐτῷ</em></span> <span class='ocrx_word' id='word_1_76' title='bbox 505 1143 641 1208; x_wconf 73' lang='grc' dir='ltr'><em>ἔσεσθαι</em></span> <span class='ocrx_word' id='word_1_77' title='bbox 666 1140 754 1207; x_wconf 79' lang='grc' dir='ltr'><em>ἑλεῖν</em></span> <span class='ocrx_word' id='word_1_78' title='bbox 773 1139 811 1206; x_wconf 90' lang='grc' dir='ltr'><em>τδ</em></span> <span class='ocrx_word' id='word_1_79' title='bbox 839 1133 973 1227; x_wconf 76' lang='grc' dir='ltr'><em>χωρίον.</em></span> <span class='ocrx_word' id='word_1_80' title='bbox 1026 1138 1082 1206; x_wconf 83' lang='grc' dir='ltr'><em>καὶ</em></span> <span class='ocrx_word' id='word_1_81' title='bbox 1108 1137 1178 1220; x_wconf 73' lang='grc' dir='ltr'><em>ξδν</em></span> <span class='ocrx_word' id='word_1_82' title='bbox 1194 1171 1224 1212; x_wconf 86' lang='grc' dir='ltr'><em>ιο</em></span> 
     </span>
     <span class='ocr_line' id='line_1_12' title="bbox 208 1238 1178 1328; baseline 0 -21"><span class='ocrx_word' id='word_1_83' title='bbox 208 1238 341 1318; x_wconf 77' lang='grc' dir='ltr'><em>τούτοις</em></span> <span class='ocrx_word' id='word_1_84' title='bbox 367 1239 488 1326; x_wconf 87' lang='grc' dir='ltr'><em>πέμπει</em></span> <span class='ocrx_word' id='word_1_85' title='bbox 511 1246 723 1328; x_wconf 86' lang='grc' dir='ltr'><em>Πτολεμαῖον</em></span> <span class='ocrx_word' id='word_1_86' title='bbox 748 1239 809 1308; x_wconf 88' lang='grc' dir='ltr'><em>τὸν</em></span> <span class='ocrx_word' id='word_1_87' title='bbox 826 1240 944 1326; x_wconf 91' lang='grc' dir='ltr'><em>Λάγου</em></span> <span class='ocrx_word' id='word_1_88' title='bbox 970 1241 1032 1308; x_wconf 87' lang='grc' dir='ltr'><em>τὸν</em></span> <span class='ocrx_word' id='word_1_89' title='bbox 1057 1258 1178 1326; x_wconf 88' lang='grc' dir='ltr'><em>σωμα-</em></span> 
     </span>
     <span class='ocr_line' id='line_1_13' title="bbox 208 1339 1178 1427; baseline 0.002 -21"><span class='ocrx_word' id='word_1_90' title='bbox 208 1340 395 1426; x_wconf 82' lang='grc' dir='ltr'><em>τοφύλακα,</em></span> <span class='ocrx_word' id='word_1_91' title='bbox 413 1340 494 1418; x_wconf 86' lang='grc' dir='ltr'><em>τοός</em></span> <span class='ocrx_word' id='word_1_92' title='bbox 512 1339 730 1427; x_wconf 76' lang='grc' dir='ltr'><em>τέἈγριάνας</em></span> <span class='ocrx_word' id='word_1_93' title='bbox 748 1339 874 1425; x_wconf 81' lang='grc' dir='ltr'><em>ἄγοντα</em></span> <span class='ocrx_word' id='word_1_94' title='bbox 886 1341 1037 1420; x_wconf 78' lang='grc' dir='ltr'><em>καὶτοὺς</em></span> <span class='ocrx_word' id='word_1_95' title='bbox 1051 1339 1178 1422; x_wconf 82' lang='grc' dir='ltr'><em>ψιλοάς</em></span> 
     </span>
     <span class='ocr_line' id='line_1_14' title="bbox 208 1437 1177 1528; baseline 0.002 -22"><span class='ocrx_word' id='word_1_96' title='bbox 208 1441 289 1518; x_wconf 82' lang='grc' dir='ltr'><em>τούς</em></span> <span class='ocrx_word' id='word_1_97' title='bbox 307 1439 430 1519; x_wconf 82' lang='grc' dir='ltr'><em>ἀλλους</em></span> <span class='ocrx_word' id='word_1_98' title='bbox 448 1440 504 1507; x_wconf 84' lang='grc' dir='ltr'><em>καὶ</em></span> <span class='ocrx_word' id='word_1_99' title='bbox 521 1445 591 1508; x_wconf 87' lang='grc' dir='ltr'><em>τῶν</em></span> <span class='ocrx_word' id='word_1_100' title='bbox 604 1437 827 1509; x_wconf 74' lang='grc' dir='ltr'><em>ὑπασπιστῶν</em></span> <span class='ocrx_word' id='word_1_101' title='bbox 842 1441 1047 1528; x_wconf 81' lang='grc' dir='ltr'><em>ἐπιλέκτους,</em></span> <span class='ocrx_word' id='word_1_102' title='bbox 1065 1461 1177 1527; x_wconf 89' lang='grc' dir='ltr'><em>προσ-</em></span> 
     </span>
     <span class='ocr_line' id='line_1_15' title="bbox 209 1537 1176 1632; baseline 0.003 -26"><span class='ocrx_word' id='word_1_103' title='bbox 209 1540 323 1626; x_wconf 84' lang='grc' dir='ltr'><em>τάξας,</em></span> <span class='ocrx_word' id='word_1_104' title='bbox 351 1537 485 1608; x_wconf 85' lang='grc' dir='ltr'><em>ἐπειδάν</em></span> <span class='ocrx_word' id='word_1_105' title='bbox 511 1539 685 1628; x_wconf 76' lang='grc' dir='ltr'><em>καταλάβῃ</em></span> <span class='ocrx_word' id='word_1_106' title='bbox 709 1540 748 1610; x_wconf 89' lang='grc' dir='ltr'><em>τδ</em></span> <span class='ocrx_word' id='word_1_107' title='bbox 773 1547 911 1629; x_wconf 85' lang='grc' dir='ltr'><em>χωρίου,</em></span> <span class='ocrx_word' id='word_1_108' title='bbox 937 1540 1086 1632; x_wconf 80' lang='grc' dir='ltr'><em>κατέχειν</em></span> <span class='ocrx_word' id='word_1_109' title='bbox 1109 1540 1176 1627; x_wconf 71' lang='grc' dir='ltr'><em>μὲν</em></span> 
     </span>
     <span class='ocr_line' id='line_1_16' title="bbox 209 1636 1218 1730; baseline 0.004 -22"><span class='ocrx_word' id='word_1_110' title='bbox 209 1637 293 1708; x_wconf 86' lang='grc' dir='ltr'><em>αάτό</em></span> <span class='ocrx_word' id='word_1_111' title='bbox 323 1643 446 1730; x_wconf 81' lang='grc' dir='ltr'><em>ίσχυρᾷ</em></span> <span class='ocrx_word' id='word_1_112' title='bbox 474 1643 630 1730; x_wconf 78' lang='grc' dir='ltr'><em>φυλακῇ,</em></span> <span class='ocrx_word' id='word_1_113' title='bbox 657 1636 693 1709; x_wconf 86' lang='grc' dir='ltr'><em>οἷ</em></span> <span class='ocrx_word' id='word_1_114' title='bbox 716 1639 755 1710; x_wconf 75' lang='grc' dir='ltr'><em>δέ</em></span> <span class='ocrx_word' id='word_1_115' title='bbox 781 1649 957 1729; x_wconf 79' lang='grc' dir='ltr'><em>σημαίνειν</em></span> <span class='ocrx_word' id='word_1_116' title='bbox 980 1639 1032 1710; x_wconf 83' lang='grc' dir='ltr'><em>ὅτι</em></span> <span class='ocrx_word' id='word_1_117' title='bbox 1054 1646 1173 1727; x_wconf 80' lang='grc' dir='ltr'><em>ἔχεται.</em></span> <span class='ocrx_word' id='word_1_118' title='bbox 1190 1671 1218 1712; x_wconf 85' lang='lat'><em>15</em></span> 
     </span>
     <span class='ocr_line' id='line_1_17' title="bbox 175 1735 1292 1829; baseline 0.013 -27"><span class='ocrx_word' id='word_1_119' title='bbox 175 1742 267 1808; x_wconf 70' lang='lat' dir='ltr'><em>ml</em></span> <span class='ocrx_word' id='word_1_120' title='bbox 285 1748 495 1828; x_wconf 83' lang='grc' dir='ltr'><em>Πτολεμαῖος</em></span> <span class='ocrx_word' id='word_1_121' title='bbox 524 1740 635 1810; x_wconf 79' lang='grc' dir='ltr'><em>έλθῶυ</em></span> <span class='ocrx_word' id='word_1_122' title='bbox 662 1735 745 1809; x_wconf 90' lang='grc' dir='ltr'><em>ὁδδν</em></span> <span class='ocrx_word' id='word_1_123' title='bbox 771 1743 929 1829; x_wconf 81' lang='grc' dir='ltr'><em>τραχεῖάν</em></span> <span class='ocrx_word' id='word_1_124' title='bbox 954 1743 1063 1812; x_wconf 81' lang='grc' dir='ltr'><em>τεκαὶ</em></span> <span class='ocrx_word' id='word_1_125' title='bbox 1084 1741 1172 1812; x_wconf 85' lang='grc' dir='ltr'><em>δυ’σ-</em></span> <span class='ocrx_word' id='word_1_126' title='bbox 1291 1769 1292 1817; x_wconf 66' lang='grc' dir='ltr'><em>λ</em></span> 
     </span>
     <span class='ocr_line' id='line_1_18' title="bbox 209 1839 1292 1936; baseline 0.003 -26"><span class='ocrx_word' id='word_1_127' title='bbox 209 1867 316 1931; x_wconf 88' lang='grc' dir='ltr'><em>πορον</em></span> <span class='ocrx_word' id='word_1_128' title='bbox 353 1842 518 1912; x_wconf 75' lang='grc' dir='ltr'><em>λανθάνει</em></span> <span class='ocrx_word' id='word_1_129' title='bbox 558 1839 638 1924; x_wconf 83' lang='grc' dir='ltr'><em>τοός</em></span> <span class='ocrx_word' id='word_1_130' title='bbox 671 1842 865 1932; x_wconf 81' lang='grc' dir='ltr'><em>βαρβάρους</em></span> <span class='ocrx_word' id='word_1_131' title='bbox 897 1843 1074 1934; x_wconf 82' lang='grc' dir='ltr'><em>κατασχῶν</em></span> <span class='ocrx_word' id='word_1_132' title='bbox 1112 1843 1173 1913; x_wconf 87' lang='grc' dir='ltr'><em>τδν</em></span> <span class='ocrx_word' id='word_1_133' title='bbox 1291 1922 1292 1936; x_wconf 20' lang='lat'>¹</span> 
     </span>
     <span class='ocr_line' id='line_1_19' title="bbox 208 1941 1173 2038; baseline 0.003 -28"><span class='ocrx_word' id='word_1_134' title='bbox 208 1943 328 2012; x_wconf 89' lang='grc' dir='ltr'><em>τόπον·</em></span> <span class='ocrx_word' id='word_1_135' title='bbox 375 1945 432 2012; x_wconf 84' lang='grc' dir='ltr'><em>καὶ</em></span> <span class='ocrx_word' id='word_1_136' title='bbox 458 1945 581 2012; x_wconf 82' lang='grc' dir='ltr'><em>τοῦτον</em></span> <span class='ocrx_word' id='word_1_137' title='bbox 613 1944 734 2031; x_wconf 88' lang='grc' dir='ltr'><em>χάραιιι</em></span> <span class='ocrx_word' id='word_1_138' title='bbox 766 1946 803 2012; x_wconf 90' lang='grc' dir='ltr'><em>έν</em></span> <span class='ocrx_word' id='word_1_139' title='bbox 829 1943 943 2036; x_wconf 78' lang='grc' dir='ltr'><em>κόκλῳ</em></span> <span class='ocrx_word' id='word_1_140' title='bbox 969 1941 1173 2038; x_wconf 78' lang='grc' dir='ltr'><em>καὶτάφρῳ</em></span> 
     </span>
     <span class='ocr_line' id='line_1_20' title="bbox 209 2039 1183 2135; baseline 0.003 -24"><span class='ocrx_word' id='word_1_141' title='bbox 209 2043 386 2130; x_wconf 85' lang='grc' dir='ltr'><em>όχυρῶσας</em></span> <span class='ocrx_word' id='word_1_142' title='bbox 403 2043 538 2131; x_wconf 87' lang='grc' dir='ltr'><em>πυρσὸν</em></span> <span class='ocrx_word' id='word_1_143' title='bbox 556 2053 643 2130; x_wconf 88' lang='grc' dir='ltr'><em>αίρει</em></span> <span class='ocrx_word' id='word_1_144' title='bbox 660 2042 726 2111; x_wconf 89' lang='grc' dir='ltr'><em>ἀπδ</em></span> <span class='ocrx_word' id='word_1_145' title='bbox 745 2046 806 2112; x_wconf 83' lang='grc' dir='ltr'><em>τοῦ</em></span> <span class='ocrx_word' id='word_1_146' title='bbox 822 2042 925 2134; x_wconf 84' lang='grc' dir='ltr'><em>ὅρους</em></span> <span class='ocrx_word' id='word_1_147' title='bbox 944 2051 1043 2114; x_wconf 74' lang='grc' dir='ltr'><em>ἔνθεν</em></span> <span class='ocrx_word' id='word_1_148' title='bbox 1058 2039 1183 2135; x_wconf 42' lang='lat' dir='ltr'><em>dmm</em></span> 
     </span>
     <span class='ocr_line' id='line_1_21' title="bbox 210 2139 1213 2234; baseline 0.005 -22"><span class='ocrx_word' id='word_1_149' title='bbox 210 2153 330 2212; x_wconf 81' lang='grc' dir='ltr'><em>σεσθαι</em></span> <span class='ocrx_word' id='word_1_150' title='bbox 347 2139 411 2211; x_wconf 81' lang='grc' dir='ltr'><em>ἀπ’</em></span> <span class='ocrx_word' id='word_1_151' title='bbox 428 2142 651 2231; x_wconf 82' lang='grc' dir='ltr'><em>Ἀλεξάνδρου</em></span> <span class='ocrx_word' id='word_1_152' title='bbox 671 2151 795 2230; x_wconf 79' lang='grc' dir='ltr'><em>ἔμελλε.</em></span> <span class='ocrx_word' id='word_1_153' title='bbox 847 2147 904 2214; x_wconf 85' lang='grc' dir='ltr'><em>καὶ</em></span> <span class='ocrx_word' id='word_1_154' title='bbox 924 2143 1023 2233; x_wconf 69' lang='grc' dir='ltr'><em>ῶφδη</em></span> <span class='ocrx_word' id='word_1_155' title='bbox 1042 2173 1078 2215; x_wconf 84' lang='grc' dir='ltr'><em>τε</em></span> <span class='ocrx_word' id='word_1_156' title='bbox 1104 2145 1171 2234; x_wconf 85' lang='grc' dir='ltr'><em>ἅμα</em></span> <span class='ocrx_word' id='word_1_157' title='bbox 1185 2179 1213 2218; x_wconf 81' lang='grc' dir='ltr'><em>εο</em></span> 
     </span>
     <span class='ocr_line' id='line_1_22' title="bbox 209 2241 1173 2338; baseline 0.007 -29"><span class='ocrx_word' id='word_1_158' title='bbox 209 2243 230 2331; x_wconf 81' lang='grc' dir='ltr'><em>ἡ</em></span> <span class='ocrx_word' id='word_1_159' title='bbox 257 2241 343 2332; x_wconf 79' lang='grc' dir='ltr'><em>φλόξ</em></span> <span class='ocrx_word' id='word_1_160' title='bbox 375 2244 432 2312; x_wconf 81' lang='grc' dir='ltr'><em>καὶ</em></span> <span class='ocrx_word' id='word_1_161' title='bbox 454 2243 673 2332; x_wconf 79' lang='grc' dir='ltr'><em>Ἀλέξανδρος</em></span> <span class='ocrx_word' id='word_1_162' title='bbox 707 2247 809 2332; x_wconf 77' lang='grc' dir='ltr'><em>ἐπῆγε</em></span> <span class='ocrx_word' id='word_1_163' title='bbox 841 2248 883 2333; x_wconf 78' lang='grc' dir='ltr'><em>τῇ</em></span> <span class='ocrx_word' id='word_1_164' title='bbox 915 2245 1079 2338; x_wconf 73' lang='grc' dir='ltr'><em>ὑστεραίᾳ</em></span> <span class='ocrx_word' id='word_1_165' title='bbox 1110 2250 1173 2336; x_wconf 80' lang='grc' dir='ltr'><em>τὴν</em></span> 
     </span>
     <span class='ocr_line' id='line_1_23' title="bbox 211 2343 1292 2450; baseline 0.005 -37"><span class='ocrx_word' id='word_1_166' title='bbox 211 2344 383 2432; x_wconf 89' lang='grc' dir='ltr'><em>στρατιάν·</em></span> <span class='ocrx_word' id='word_1_167' title='bbox 424 2343 648 2432; x_wconf 77' lang='grc' dir='ltr'><em>ἀμυνομένων</em></span> <span class='ocrx_word' id='word_1_168' title='bbox 682 2345 721 2414; x_wconf 76' lang='grc' dir='ltr'><em>δὲ</em></span> <span class='ocrx_word' id='word_1_169' title='bbox 753 2351 822 2414; x_wconf 88' lang='grc' dir='ltr'><em>τῶν</em></span> <span class='ocrx_word' id='word_1_170' title='bbox 854 2347 1037 2436; x_wconf 87' lang='grc' dir='ltr'><em>βαρβάρων</em></span> <span class='ocrx_word' id='word_1_171' title='bbox 1068 2347 1173 2418; x_wconf 64' lang='grc' dir='ltr'><em>οὐδέν</em></span> <span class='ocrx_word' id='word_1_172' title='bbox 1291 2361 1292 2450; x_wconf 58' lang='grc' dir='ltr'><em>χ</em></span> 
     </span>
     <span class='ocr_line' id='line_1_24' title="bbox 210 2441 1292 2536; baseline 0.005 -23"><span class='ocrx_word' id='word_1_173' title='bbox 210 2447 313 2513; x_wconf 81' lang='grc' dir='ltr'><em>πλέον</em></span> <span class='ocrx_word' id='word_1_174' title='bbox 336 2443 428 2536; x_wconf 76' lang='grc' dir='ltr'><em>αὐτῷ</em></span> <span class='ocrx_word' id='word_1_175' title='bbox 446 2441 514 2514; x_wconf 81' lang='grc' dir='ltr'><em>ὑπὸ</em></span> <span class='ocrx_word' id='word_1_176' title='bbox 533 2449 724 2534; x_wconf 74' lang='grc' dir='ltr'><em>δυσχωρίας</em></span> <span class='ocrx_word' id='word_1_177' title='bbox 751 2449 912 2532; x_wconf 80' lang='grc' dir='ltr'><em>ἐγίγνετο.</em></span> <span class='ocrx_word' id='word_1_178' title='bbox 955 2445 1000 2528; x_wconf 85' lang='grc' dir='ltr'><em>ῶς</em></span> <span class='ocrx_word' id='word_1_179' title='bbox 1023 2447 1062 2517; x_wconf 71' lang='grc' dir='ltr'><em>δὲ</em></span> <span class='ocrx_word' id='word_1_180' title='bbox 1078 2448 1169 2520; x_wconf 85' lang='grc' dir='ltr'><em>Ἀλε-</em></span> <span class='ocrx_word' id='word_1_181' title='bbox 1291 2453 1292 2518; x_wconf 48' lang='grc' dir='ltr'><em>ί</em></span> 
     </span>
     <span class='ocr_line' id='line_1_25' title="bbox 210 2541 1172 2638; baseline 0.005 -25"><span class='ocrx_word' id='word_1_182' title='bbox 210 2547 343 2638; x_wconf 80' lang='grc' dir='ltr'><em>ξάνδρῳ</em></span> <span class='ocrx_word' id='word_1_183' title='bbox 370 2541 499 2635; x_wconf 86' lang='grc' dir='ltr'><em>ἀπορον</em></span> <span class='ocrx_word' id='word_1_184' title='bbox 525 2545 587 2633; x_wconf 79' lang='grc' dir='ltr'><em>τὴν</em></span> <span class='ocrx_word' id='word_1_185' title='bbox 613 2547 805 2637; x_wconf 80' lang='grc' dir='ltr'><em>προσβολὴν</em></span> <span class='ocrx_word' id='word_1_186' title='bbox 822 2550 1014 2636; x_wconf 77' lang='grc' dir='ltr'><em>κατέμαθον</em></span> <span class='ocrx_word' id='word_1_187' title='bbox 1036 2554 1072 2618; x_wconf 94' lang='grc' dir='ltr'><em>οί</em></span> <span class='ocrx_word' id='word_1_188' title='bbox 1086 2551 1172 2638; x_wconf 93' lang='grc' dir='ltr'><em>βάρ-</em></span> 
     </span>
     <span class='ocr_line' id='line_1_26' title="bbox 175 2645 1292 2736; baseline 0.005 -24"><span class='ocrx_word' id='word_1_189' title='bbox 175 2654 317 2736; x_wconf 74' lang='grc' dir='ltr'><em>εβαροι,</em></span> <span class='ocrx_word' id='word_1_190' title='bbox 344 2645 615 2736; x_wconf 72' lang='grc' dir='ltr'><em>ἀναστρέψαντες</em></span> <span class='ocrx_word' id='word_1_191' title='bbox 639 2661 710 2728; x_wconf 80' lang='grc' dir='ltr'><em>τοῖς</em></span> <span class='ocrx_word' id='word_1_192' title='bbox 734 2647 822 2736; x_wconf 83' lang='grc' dir='ltr'><em>ἀμφὶ</em></span> <span class='ocrx_word' id='word_1_193' title='bbox 840 2656 1050 2736; x_wconf 79' lang='grc' dir='ltr'><em>Πτολεμαῖον</em></span> <span class='ocrx_word' id='word_1_194' title='bbox 1074 2649 1171 2718; x_wconf 77' lang='grc' dir='ltr'><em>αὐτοὶ</em></span> <span class='ocrx_word' id='word_1_195' title='bbox 1185 2678 1212 2718; x_wconf 76' lang='grc' dir='ltr'><em>οε</em></span> <span class='ocrx_word' id='word_1_196' title='bbox 1291 2647 1292 2686; x_wconf 51' lang='lat'>7</span> 
     </span>
     <span class='ocr_line' id='line_1_27' title="bbox 128 2745 1171 2835; baseline 0 -15"><span class='ocrx_word' id='word_1_197' title='bbox 128 2817 130 2820; x_wconf 84' lang='lat'>.</span> <span class='ocrx_word' id='word_1_198' title='bbox 209 2749 454 2834; x_wconf 88' lang='grc' dir='ltr'><em>προσέβαλλον·</em></span> <span class='ocrx_word' id='word_1_199' title='bbox 473 2745 685 2835; x_wconf 80' lang='grc' dir='ltr'><em>Ικαὶγίνεται</em></span> <span class='ocrx_word' id='word_1_200' title='bbox 703 2745 818 2817; x_wconf 78' lang='grc' dir='ltr'><em>αὐτῶν</em></span> <span class='ocrx_word' id='word_1_201' title='bbox 836 2775 872 2817; x_wconf 86' lang='grc' dir='ltr'><em>τε</em></span> <span class='ocrx_word' id='word_1_202' title='bbox 890 2751 947 2817; x_wconf 86' lang='grc' dir='ltr'><em>καὶ</em></span> <span class='ocrx_word' id='word_1_203' title='bbox 964 2755 1033 2817; x_wconf 88' lang='grc' dir='ltr'><em>τῶν</em></span> <span class='ocrx_word' id='word_1_204' title='bbox 1051 2759 1171 2820; x_wconf 88' lang='grc' dir='ltr'><em>Μακε-</em></span> 
     </span>
     <span class='ocr_line' id='line_1_28' title="bbox 210 2848 1171 2941; baseline 0.002 -23"><span class='ocrx_word' id='word_1_205' title='bbox 210 2848 321 2918; x_wconf 90' lang='grc' dir='ltr'><em>δόνων</em></span> <span class='ocrx_word' id='word_1_206' title='bbox 338 2849 426 2938; x_wconf 90' lang='grc' dir='ltr'><em>μάχη</em></span> <span class='ocrx_word' id='word_1_207' title='bbox 440 2849 597 2938; x_wconf 85' lang='grc' dir='ltr'><em>καρτερά,</em></span> <span class='ocrx_word' id='word_1_208' title='bbox 613 2852 684 2918; x_wconf 86' lang='grc' dir='ltr'><em>τῶν</em></span> <span class='ocrx_word' id='word_1_209' title='bbox 701 2849 764 2936; x_wconf 71' lang='grc' dir='ltr'><em>μὲν</em></span> <span class='ocrx_word' id='word_1_210' title='bbox 777 2849 959 2918; x_wconf 87' lang='grc' dir='ltr'><em>διασπάσαι</em></span> <span class='ocrx_word' id='word_1_211' title='bbox 971 2849 1031 2918; x_wconf 85' lang='grc' dir='ltr'><em>τόν</em></span> <span class='ocrx_word' id='word_1_212' title='bbox 1040 2851 1171 2941; x_wconf 88' lang='grc' dir='ltr'><em>χάρακα</em></span> 
     </span>
     <span class='ocr_line' id='line_1_29' title="bbox 210 2943 1292 3038; baseline 0.006 -21"><span class='ocrx_word' id='word_1_213' title='bbox 210 2947 363 3036; x_wconf 80' lang='grc' dir='ltr'><em>σπουδὴν</em></span> <span class='ocrx_word' id='word_1_214' title='bbox 389 2951 613 3038; x_wconf 83' lang='grc' dir='ltr'><em>ποιουμένων,</em></span> <span class='ocrx_word' id='word_1_215' title='bbox 646 2951 715 3018; x_wconf 90' lang='grc' dir='ltr'><em>τῶν</em></span> <span class='ocrx_word' id='word_1_216' title='bbox 737 2948 868 3036; x_wconf 86' lang='grc' dir='ltr'><em>Ἰνδῶν,</em></span> <span class='ocrx_word' id='word_1_217' title='bbox 894 2961 1106 3038; x_wconf 76' lang='grc' dir='ltr'><em>Πτολεμαίου</em></span> <span class='ocrx_word' id='word_1_218' title='bbox 1134 2952 1171 3022; x_wconf 69' lang='grc' dir='ltr'><em>δὲ</em></span> <span class='ocrx_word' id='word_1_219' title='bbox 1291 2943 1292 3009; x_wconf 62' lang='grc' dir='ltr'><em>δ</em></span> 
     </span>
     <span class='ocr_line' id='line_1_30' title="bbox 210 3050 1292 3143; baseline 0.006 -27"><span class='ocrx_word' id='word_1_220' title='bbox 210 3050 412 3136; x_wconf 81' lang='grc' dir='ltr'><em>διαφυλάξαι</em></span> <span class='ocrx_word' id='word_1_221' title='bbox 428 3050 465 3118; x_wconf 92' lang='grc' dir='ltr'><em>τδ</em></span> <span class='ocrx_word' id='word_1_222' title='bbox 479 3055 619 3136; x_wconf 86' lang='grc' dir='ltr'><em>χωρίον·</em></span> <span class='ocrx_word' id='word_1_223' title='bbox 638 3051 694 3117; x_wconf 83' lang='grc' dir='ltr'><em>καὶ</em></span> <span class='ocrx_word' id='word_1_224' title='bbox 707 3063 803 3136; x_wconf 82' lang='grc' dir='ltr'><em>μεῖον</em></span> <span class='ocrx_word' id='word_1_225' title='bbox 817 3051 952 3138; x_wconf 88' lang='grc' dir='ltr'><em>σχόντες</em></span> <span class='ocrx_word' id='word_1_226' title='bbox 966 3056 1002 3120; x_wconf 88' lang='grc' dir='ltr'><em>οί</em></span> <span class='ocrx_word' id='word_1_227' title='bbox 1008 3053 1171 3143; x_wconf 88' lang='grc' dir='ltr'><em>βάρβαροι</em></span> <span class='ocrx_word' id='word_1_228' title='bbox 1291 3080 1292 3137; x_wconf 67' lang='grc' dir='ltr'><em>χ</em></span> 
     </span>
     <span class='ocr_line' id='line_1_31' title="bbox 210 3149 1207 3242; baseline 0.005 -24"><span class='ocrx_word' id='word_1_229' title='bbox 210 3152 248 3218; x_wconf 85' lang='grc' dir='ltr'><em>έν</em></span> <span class='ocrx_word' id='word_1_230' title='bbox 260 3155 310 3240; x_wconf 74' lang='grc' dir='ltr'><em>τῷ</em></span> <span class='ocrx_word' id='word_1_231' title='bbox 318 3149 549 3240; x_wconf 74' lang='grc' dir='ltr'><em>ἀκροβολισμῷ</em></span> <span class='ocrx_word' id='word_1_232' title='bbox 559 3149 682 3230; x_wconf 84' lang='grc' dir='ltr'><em>νυκτὸς</em></span> <span class='ocrx_word' id='word_1_233' title='bbox 693 3153 929 3239; x_wconf 80' lang='grc' dir='ltr'><em>ἐπιγενομένης</em></span> <span class='ocrx_word' id='word_1_234' title='bbox 939 3149 1169 3242; x_wconf 73' lang='grc' dir='ltr'><em>ἀπεχώρησαν.</em></span> <span class='ocrx_word' id='word_1_235' title='bbox 1182 3181 1207 3222; x_wconf 85' lang='grc' dir='ltr'><em>ω</em></span> 
     </span>
     <span class='ocr_line' id='line_1_32' title="bbox 174 3249 1169 3342; baseline 0.009 -28"><span class='ocrx_word' id='word_1_236' title='bbox 174 3266 191 3314; x_wconf 84' lang='grc'><strong>4</strong></span> <span class='ocrx_word' id='word_1_237' title='bbox 281 3249 499 3336; x_wconf 72' lang='grc' dir='ltr'><em>Ἀλέξανδρος</em></span> <span class='ocrx_word' id='word_1_238' title='bbox 518 3249 555 3319; x_wconf 70' lang='grc' dir='ltr'><em>δὲ</em></span> <span class='ocrx_word' id='word_1_239' title='bbox 572 3253 641 3318; x_wconf 90' lang='grc' dir='ltr'><em>τῶν</em></span> <span class='ocrx_word' id='word_1_240' title='bbox 655 3249 773 3320; x_wconf 82' lang='grc' dir='ltr'><em>Ἰνδῶν</em></span> <span class='ocrx_word' id='word_1_241' title='bbox 786 3279 860 3320; x_wconf 90' lang='grc' dir='ltr'><em>τινα</em></span> <span class='ocrx_word' id='word_1_242' title='bbox 878 3257 946 3320; x_wconf 90' lang='grc' dir='ltr'><em>τῶν</em></span> <span class='ocrx_word' id='word_1_243' title='bbox 961 3253 1169 3342; x_wconf 79' lang='grc' dir='ltr'><em>αὐτομόλων,</em></span> 
     </span>
     <span class='ocr_line' id='line_1_33' title="bbox 209 3349 1170 3440; baseline 0.005 -22"><span class='ocrx_word' id='word_1_244' title='bbox 209 3349 327 3419; x_wconf 89' lang='grc' dir='ltr'><em>πιστόν</em></span> <span class='ocrx_word' id='word_1_245' title='bbox 345 3375 380 3418; x_wconf 87' lang='grc' dir='ltr'><em>τε</em></span> <span class='ocrx_word' id='word_1_246' title='bbox 397 3349 506 3430; x_wconf 82' lang='grc' dir='ltr'><em>άλλως</em></span> <span class='ocrx_word' id='word_1_247' title='bbox 525 3353 581 3420; x_wconf 83' lang='grc' dir='ltr'><em>καὶ</em></span> <span class='ocrx_word' id='word_1_248' title='bbox 599 3353 668 3420; x_wconf 90' lang='grc' dir='ltr'><em>τῶν</em></span> <span class='ocrx_word' id='word_1_249' title='bbox 685 3359 820 3440; x_wconf 88' lang='grc' dir='ltr'><em>χωρίων</em></span> <span class='ocrx_word' id='word_1_250' title='bbox 844 3352 997 3440; x_wconf 79' lang='grc' dir='ltr'><em>δαήμονα</em></span> <span class='ocrx_word' id='word_1_251' title='bbox 1021 3355 1170 3435; x_wconf 81' lang='grc' dir='ltr'><em>έπιλεξά·</em></span> 
     </span>
    </p>
   </div>
   <div class='ocr_carea' id='block_1_3' title="bbox 0 0 1320 3922">
    <p class='ocr_par' dir='ltr' id='par_1_3' title="bbox 0 0 1320 3922">
     <span class='ocr_line' id='line_1_34' title="bbox 0 0 1320 3922; baseline 0 0"><span class='ocrx_word' id='word_1_252' title='bbox 0 0 1320 3922; x_wconf 95' lang='lat' dir='ltr'><em> </em></span> 
     </span>
    </p>
   </div>
  </div>
 </body>
</html>
