2620 3924
217 185 260 252 84
569 189 821 245 εΑυΞιαιΡον

215 355 309 397 ονται
338 326 433 397 οὐτε.
451 333 488 398 οί
514 330 621 418 ἐρέται
652 328 731 398 οὐτε
767 333 804 397 σι’
833 327 985 417 ἐπιβάται
1023 335 1179 410 Φοίνικες

216 429 385 517 ἐχομένων
403 437 500 517 σφίσι
516 433 585 498 τῶν
599 430 730 499 πόλεων
744 427 842 499 αὐτοὶ
856 427 944 518 ύπλρ
963 427 1076 498 ἄλλων
1094 433 1178 500 πλέ-

216 557 308 611 οντες
319 531 544 600 κινδυνεύειν·
560 531 701 620 Κύπρος
711 530 749 600 δὲ
764 533 819 600 ἐπὶ
833 527 954 622 τῶδεῆ
969 529 1010 599 οὐ
1025 535 1178 618 χαλεπῶς

214 631 297 719 ἡμῖν
306 633 535 721 προσχωρήσει
548 629 568 719 ἢ
584 635 616 714 ἐξ
632 635 777 702 έτιίπλου
790 630 946 722 εὐμαρῶς
960 632 1176 720 ληφθήσεται.

182 751 200 800 4
217 735 274 801 καὶ
293 749 368 813 ταῖς
385 761 420 803 τε
444 737 481 803 ἐκ
499 739 717 813 Μακεδονίας
739 735 842 804 ναυσὶ
867 735 1016 814 καλιαῖς
1036 741 1177 804 Φοινίσ-
1204 765 1219 806 ι

216 854 289 914 σαις
322 835 494 904 πλεόντων
524 834 620 928 ἡμῶν
649 835 711 922 τὴν
735 835 913 904 θάλασσαν
943 837 999 902 καὶ
1031 835 1177 924 Κύπρου

215 933 284 1023 ἅμα
298 936 565 1025 προσγενομένης
579 938 915 1024 θαλασσοκρατοῖμέν
930 963 965 1004 τε
978 932 1021 1003 όιν
1034 943 1179 1032 βεβαίως

215 1039 274 1106 καὶ
298 1035 317 1105 δ
343 1039 376 1117 ἐς
397 1047 573 1124 Αίγυπτον
591 1037 709 1116 στόλος
734 1035 889 1124 εὐμαρῶς
906 1034 989 1124 ἡμῖν
1010 1040 1045 1106 έν
1063 1036 1177 1128 ταύτῷ

216 1147 375 1225 γίγνεται.
418 1149 597 1225 Αίγυπτον
628 1137 667 1208 δὲ
692 1136 1000 1226 παραστησαμένοις
1030 1137 1119 1226 ύπέρ
1143 1165 1179 1206 τε

216 1243 275 1325 της
297 1238 454 1320 Ἑλλάδος
484 1241 541 1308 καὶ
571 1243 630 1327 τῆς
654 1246 781 1318 οἰκείας
812 1237 915 1308 οὐδὲν
948 1245 994 1308 ἔτι
1022 1236 1178 1308 ὕποπτον
1192 1269 1218 1308 ιο

216 1339 433 1410 ὑπολείπεται
441 1395 450 1429 ,
481 1341 543 1409 τόν
566 1368 602 1410 τε
626 1342 682 1410 ἐπὶ
708 1342 916 1428 Βαβυλῶνος
943 1339 1067 1409 στόλον
1096 1340 1178 1428 μετά

217 1445 279 1510 τοῦ
295 1443 378 1521 έςτά
393 1453 479 1510 σι”κοι
492 1441 669 1530 ἀσφαλοῦς
683 1443 740 1510 καὶ
754 1441 819 1523 ξύν
832 1449 956 1528 μείζονι
968 1439 1036 1528 ἅμα
1048 1439 1180 1522 άξιύσει

218 1543 425 1631 ποιησόμεθα
439 1542 702 1630 ἀποτετμημένοι
714 1543 776 1630 τήν
793 1569 829 1611 τε
845 1543 1023 1612 θάλασσαν
1036 1545 1179 1630 Περσῶν

217 1643 399 1731 ξύμπασαν
416 1646 473 1713 καὶ
491 1644 553 1730 τὴν
573 1645 628 1713 έπλ
646 1644 726 1712 τάδε
742 1647 804 1712 τοῦ
824 1643 1010 1733 Εὐφράτου
1028 1637 1102 1730 γῆν.

169 1755 209 1820 18
300 1749 413 1815 Ταῦτα
431 1747 539 1832 λέγων
558 1743 599 1814 οὐ
618 1748 770 1832 χαλεπῶς
791 1751 923 1814 ἔπειθεν
941 1743 1117 1834 ἐπιχειρεῖν
1134 1747 1177 1832 τῇ
1192 1772 1217 1812 15

224 1845 342 1938 Τύρῳ·
361 1854 421 1915 καί
435 1873 466 1915 τι
484 1849 540 1914 καὶ
558 1857 657 1916 θεῖον
675 1845 854 1916 άνὲπενθεν
872 1844 1008 1932 αὐτόν,4
1021 1843 1072 1940 ὅτι
1087 1844 1177 1914 ε’νύ-

219 1971 319 2016 πνιον
346 1947 451 2034 αὐτῆς
476 1946 607 2035 ἐκείνης
624 1950 684 2032 τῆς
708 1949 832 2027 νυκτὸς
858 1945 966 2016 έδόκει
989 1945 1092 2027 αὐτὸς
1116 1947 1179 2034 μὲν

218 2051 266 2138 τῷ
290 2057 390 2135 τείχει
413 2049 595 2137 προσάγειν
612 2051 681 2116 τῶν
705 2055 859 2138 Τυρίων,
878 2048 942 2116 τὸν
960 2047 998 2116 δὲ
1014 2047 1179 2136 Ἡρακλέα

219 2152 417 2230 δεξιοῦσθαί
431 2175 467 2218 τε
484 2148 594 2218 αὐτὸν
617 2151 675 2218 καλ
693 2147 831 2234 ἀνάγειν
850 2148 884 2230 ές
901 2149 964 2234 τὴν
989 2149 1096 2219 πόλιν.
1122 2152 1179 2218 καὶ

218 2254 321 2319 τούτο
344 2248 493 2338 ἐξηγεῖτο
507 2249 746 2339 ’Λρίστανδρος
770 2249 815 2329 ῶς
840 2249 903 2332 ξύν
928 2249 1024 2341 πόνῳ
1047 2249 1218 2321 άλωσο-εο

219 2351 325 2442 μένην
342 2351 405 2437 τὴν
429 2351 561 2438 Τύρον,
585 2348 635 2418 ὅτι
658 2353 715 2420 καὶ
733 2351 774 2418 τά
798 2354 860 2419 τού
876 2349 1080 2439 Ἡρακλέους
1100 2357 1180 2442 ἔργα
1289 2419 1290 2422 ,

219 2453 283 2536 ξύν
314 2453 410 2544 πόνῳ
441 2451 583 2539 ἐγένετο.
621 2454 678 2520 καὶ
708 2452 775 2541 γάρ
801 2453 858 2520 καὶ
885 2452 971 2540 μέγα
998 2459 1097 2541 ἔργον
1123 2457 1182 2540 τῆς

186 2567 203 2616 2
228 2554 342 2643 Τύρον
356 2553 377 2642 ἡ
392 2561 569 2643 πολιορκία
584 2551 751 2640 ἐφαίνετο.
783 2553 887 2638 νῆσός
901 2579 937 2621 τε
950 2551 1015 2642 γάρ
1030 2551 1147 2634 αὐτοῖς
1161 2553 1182 2642 ἡ

221 2656 319 2735 πόλις
337 2647 379 2742 ἦν
397 2658 454 2724 καλ
472 2663 617 2743 τείχεσιν
634 2653 782 2742 ύψηλοίς
800 2653 908 2742 πάντη
928 2652 1106 2743 ῶχύρωτο·
1125 2657 1182 2723 καὶ
1212 2725 1216 2731 ,

220 2759 262 2827 τά
288 2756 356 2826 άπδ
381 2757 556 2845 θαλάσσης
580 2755 664 2844 πρὸς
690 2757 759 2823 τῶν
790 2763 926 2845 Τυρίων
943 2755 1072 2843 μᾶλλόν
1089 2782 1121 2822 τι
1144 2755 1181 2824 έν
1195 2779 1221 2819 ει

213 2863 268 2952 τῷ
286 2858 361 2928 τότε
379 2856 556 2945 ἐφαίνετο,
574 2860 643 2925 τῶν
660 2883 696 2925 τε
714 2859 856 2944 Περσῶν
881 2863 928 2926 ἔτι
944 2865 1183 2946 θαλασσοκρα-

221 2961 376 3030 τούντων
399 2962 456 3029 καλ
482 2958 601 3038 αὐτοῖς
624 2973 696 3037 τοῖς
721 2965 856 3047 Ίυρίοις
873 2960 961 3027 νεῶν
983 2964 1030 3028 ἔτι
1047 2963 1184 3026 πολλῶν

223 3064 420 3152 περιουσῶν.
741 3145 744 3150 ¹

189 3174 205 3222 3
295 3162 353 3241 Ὡς
371 3161 408 3230 δλ
422 3163 529 3229 ταῦτα
543 3157 632 3247 ὅμως
647 3157 820 3248 ἐκράτησε,
838 3162 934 3249 χῶμα
949 3166 1035 3248 έγνιο
1049 3161 1185 3248 χωννύ-

222 3292 279 3332 ναι
309 3262 346 3334 έκ
376 3265 435 3348 τῆς
465 3260 607 3349 ἠπείρου
640 3258 686 3340 ῶς
716 3259 772 3330 ἐπὶ
802 3261 865 3347 τὴν
896 3264 1006 3332 πόλιν.
1049 3269 1117 3331 ἔστι
1147 3263 1222 3331 δέει

224 3363 378 3454 πορθμός
395 3361 587 3450 τεναγῶδης
604 3362 642 3430 τό
661 3369 803 3450 χωρίον·
822 3365 879 3431 καλ
897 3363 938 3431 τά
958 3361 1021 3451 μὲν
1040 3363 1125 3451 πρὸς
1142 3367 1183 3452 τῇ

223 3466 353 3560 ἠπείρῳ
377 3468 435 3551 τῆς
458 3465 633 3552 θαλάσσης
663 3463 792 3551 βραχέα
815 3465 872 3532 καὶ
901 3465 1037 3552 πηλῶδη
1063 3463 1186 3553 αὐτού,
