2620 3924
446 193 630 249 ιυεεεειε
647 159 672 262 ε,
691 199 717 250 ι.
1002 199 1062 263 107
1125 268 1127 272 .
1262 223 1267 230 ·

100 333 281 424 τρημάτων
311 325 413 414 αὖθις
439 335 563 424 ἐτάχθη
584 333 763 426 Ἅρπαλος.
809 341 842 417 ἐς
867 344 1001 408 Λυδίαν
1025 339 1063 408 δὲ

104 435 277 523 σατράπην
301 438 508 524 Μένανδρον
540 439 699 524 ἐκπέμπει
721 443 792 505 τῶν
816 440 973 527 ἑταίραν
1008 443 1097 508 ἐπὶ8

104 536 141 604 δὲ
150 551 222 616 τοῖς
237 538 356 623 ξένοις,
373 528 421 604 ὧν
434 537 549 623 ἡγεῖτο
557 539 775 628 Μένανδρος,
789 541 961 628 Κλέαρχος
971 539 1064 631 αύτῷ

105 637 238 725 ἐτάχθη.
274 635 351 705 ἀντὶ
370 637 408 706 δέ
422 636 566 726 Ἀρίμμα
583 641 758 728 σατράπην
777 647 909 729 Συρίας
923 640 1064 729 Ἀσκλη-

72 765 88 805 ε
104 737 272 826 πιόδωρον
291 739 353 806 τὸν
368 736 521 808 Εὐνίκου
536 738 720 827 ἀπέδειξεν,
739 737 790 808 ὅτι
804 738 965 830 Ἀρίμμας
979 750 1064 830 βλα-

103 842 220 906 κεῦσαι
240 839 347 906 ε’δόκει
365 837 459 929 αὐτῷ
481 842 517 908 ἐν
530 844 571 928 τῇ
588 845 784 929 παρασκευῇ
803 838 921 926 ἥντινα
940 845 1063 930 ἐτάχθη
1082 911 1085 918 ,

105 940 358 1026 παρασκευάσαι
381 942 424 1028 τῇ
443 943 581 1030 στρατιᾷ
605 941 690 1009 κατά
714 939 776 1028 τὴν
798 940 880 1010 ὁδὸν
897 945 959 1028 τὴν
982 942 1062 1012 ἅνω.

179 1041 248 1108 Καὶ
280 1038 421 1125 άφίκετο
455 1043 488 1120 ἐς
516 1041 680 1120 Θάψακον
710 1041 928 1130 Ἀλέξανδρος
958 1043 1092 1131 μηνὸςῖ

101 1139 386 1228 Ἑκατομβαιῶνος
406 1141 461 1208 ε’πὶ
488 1139 651 1228 άρχοντος
672 1141 851 1230 Ἀθήνησιν
866 1143 1065 1232 Ἀριστοφά-

60 1267 89 1305 ιο
103 1259 201 1320 νους·
220 1242 277 1308 καὶ
296 1242 543 1330 καταλαμβάνει
561 1247 662 1310 δυοῖν
679 1243 849 1331 γεφύραιν
868 1247 1065 1330 ἐζευγμένου

102 1341 163 1409 τὸν
177 1340 293 1430 πόρον.
326 1343 383 1409 καὶ
403 1343 469 1430 γάρ
482 1343 540 1410 καὶ
550 1351 715 1428 Μαζαῖος,
733 1340 800 1432 ὅτῳ
818 1342 839 1430 ἡ
853 1345 988 1430 φυλακὴ
1000 1349 1063 1412 τού

103 1444 256 1529 ποταμοῦ
272 1445 469 1530 ἐκΛαρείον
486 1443 720 1531 ἐπετέτραπτο,
737 1443 859 1522 ίππέας
875 1443 961 1532 [μὲν]
979 1451 1065 1531 ἔχειν

103 1544 180 1631 περὶ
196 1550 401 1630 τριςχιλίους
423 1545 481 1611 καὶ
498 1544 630 1612 τούτων
645 1543 810 1631 Ἕλληνας
828 1546 1064 1633 μισθοφόρους

103 1649 288 1730 δισχιλίους
301 1643 384 1722 τέοες
397 1641 461 1730 μέν
469 1642 577 1712 αύτοῦ
594 1648 649 1713 ἐπὶ
663 1646 710 1734 τῷ
726 1649 864 1734 ποταμῷ
881 1646 1063 1733 ἐφύλασσε,
1152 1687 1154 1692 -

64 1768 90 1807 1⁵
103 1747 160 1812 καὶ
175 1745 231 1812 ἐπὶ
244 1747 331 1834 τῷδε
345 1742 386 1812 ού
400 1745 540 1832 ξυνεχὴς
553 1744 574 1833 ἡ
589 1746 724 1832 γέφυρα
744 1745 921 1832 ἐζευγμένη
936 1737 978 1832 ἦν
993 1754 1065 1815 ἔστε
1082 1761 1098 1807 2

104 1847 160 1913 ἐπὶ
173 1845 235 1932 τὴν
249 1843 432 1934 άντιπέρας
446 1843 553 1934 ὄχθην
566 1863 637 1940 τοῖς
652 1845 839 1934 Μακεδόσι,
857 1851 1066 1931 δειμαίνουσι

103 1944 147 2032 μὴ
181 1949 355 2015 ἐπίθοιντο
392 1931 444 2014 οῖι
460 1945 549 2034 άμφλ
580 1954 735 2027 Μαζαῖον
765 1949 806 2032 τῇ
842 1946 976 2034 γεφύρᾳ
1008 1951 1065 2014 ἵνα

104 2046 263 2114 ἐπαύετο·
292 2053 444 2129 Μαζαῖος
468 2046 507 2115 δέ
533 2045 578 2125 άς
603 2045 747 2132 ἤκουσεν
764 2043 827 2133 ἤδη
851 2047 1065 2133 προσάγοντα

100 2145 339 2234 Ἀλέξανδρον,
365 2144 467 2237 ᾤχετο
492 2148 632 2234 φεύγων
657 2147 721 2227 ξύν
743 2150 785 2233 τῇ
805 2149 943 2234 στρατιᾷ
962 2147 1063 2235 πάση.

64 2272 90 2311 εο
104 2250 160 2315 καὶ
179 2247 287 2327 εύδύς
302 2248 348 2327 αἱς
363 2254 469 2334 ἐφυγε
482 2257 634 2330 Μαζαῖος
649 2247 883 2334 ἐπεβλήθησαν
900 2253 940 2315 αί
953 2247 1065 2334 γέφυ-

104 2375 160 2434 ραι
176 2350 219 2435 τῇ
238 2346 326 2436 ὄχθη
351 2353 393 2436 τῇ
413 2347 522 2435 πέραν
539 2351 596 2416 καὶ
622 2348 715 2435 διέβη
736 2345 786 2416 ἐπ’
804 2345 920 2416 αύτῶν
938 2348 1003 2427 ξύν
1021 2350 1063 2436 τῇ

105 2453 243 2537 στρατιᾷ
260 2448 488 2536 Ἀλέξανδρος.

170 2547 295 2618 Ἔνθεν
321 2549 360 2616 δὲ
385 2549 501 2637 ἐχάρει
526 2547 617 2637 άυοε,
648 2551 687 2618 ἐν
710 2547 868 2636 άριστερᾷ
895 2553 980 2634 ἔχων
1003 2547 1099 2640 τδνε

106 2648 293 2736 Εὐφράτην
311 2650 462 2736 ποταμὸν
480 2651 537 2718 καὶ
562 2654 621 2734 τῆς
641 2649 817 2737 Ἀρμευίας
840 2650 880 2716 τά
905 2647 987 2736 ὄρη,
1011 2649 1066 2718 διά

64 2772 91 2814 εε
104 2752 163 2834 τῆς
181 2758 444 2837 Μεσοποταμίας
462 2749 672 2836 καλουμένης
690 2749 810 2836 χώρας.
843 2747 907 2816 ούκ
925 2748 1066 2818 εὐθεῖαν

104 2849 142 2918 δὲ
158 2852 212 2918 ἐπὶ
223 2853 428 2937 Βαβυλῶνος
441 2842 523 2936 ἦγεν
533 2847 600 2917 άπδ
614 2853 676 2916 τοῦ
689 2846 876 2936 Εὐφράτου
891 2845 1066 2936 ὁρμηθείς,

104 2949 155 3018 ὅτι
177 2949 239 3035 τὴν
264 2950 392 3040 ἑτέραν·
406 2950 494 3021 ἐόντι
517 2948 734 3038 εύποράτερα
755 2951 797 3016 τά
822 2948 1000 3035 ξύμπαντα
1018 2953 1064 3039 τῷ

104 3055 234 3138 στρατῶ
247 3041 303 3138 ἦν,
320 3053 378 3120 καὶ
391 3051 482 3137 χιλὸς
495 3067 566 3130 τοῖς
581 3056 695 3128 λπποις
708 3051 765 3118 καί
783 3048 824 3118 τά
844 3049 1009 3134 ἐπιτήδεια
1030 3053 1066 3118 ἐκ

104 3156 163 3237 τῆς
186 3118 298 3237 χάρας
322 3152 524 3240 λαμβάνειν,
548 3154 605 3220 καὶ
628 3149 666 3218 τὸ
689 3155 803 3238 καῦμα
821 3149 883 3235 οὐχ
901 3149 1066 3230 εὸσαύτως

65 3276 92 3316 εο
106 3253 296 3338 ἐπιφλέγον.
324 3251 463 3331 άλόντὶς
480 3251 519 3320 δέ
535 3278 622 3331 τινες
638 3251 724 3318 κατά
741 3251 803 3338 τὴν
817 3249 899 3320 ὁδὸν
912 3253 982 3319 τῶν
996 3249 1064 3319 άπὸ
1082 3262 1101 3312 4

103 3355 164 3420 τοῦ
185 3361 334 3441 Δαρείου
356 3352 605 3441 στρατεύματος
624 3354 834 3438 κατασκοπῆς
859 3353 957 3420 ἕνεκα
981 3351 1065 3420 άπε·

104 3453 341 3540 σκεδασμένοευ
356 3455 549 3541 ἐξήγγειλαν
563 3450 613 3520 ὅτι
623 3462 769 3540 Δαρεῖος
789 3454 844 3521 ἐπὶ
858 3457 919 3519 τοῦ
941 3459 1067 3539 Τίγρη-
