2632 3922
465 158 651 211 ααιοωῑιε
668 161 699 224 ε,
717 162 758 212 τι.
1026 157 1090 222 241

122 315 342 404 αἰσθόμενος,
361 320 488 403 οίκαδε,
507 319 618 396 καλῶς
637 319 754 404 ποιῶν,
774 315 988 406 ἀπέπεμψας·
1020 321 1091 384 τοῖν

10 469 11 496 ι
125 417 164 486 δλ
182 415 294 486 ἄλλων
317 415 486 503 Ἑλλήνων
503 422 540 485 οί
553 415 617 504 μέν
636 419 673 484 έν
689 432 763 496 ταῖς
781 416 897 486 πόλεσι
914 432 989 496 ταῖς
1006 417 1090 504 πρὸς

125 520 189 586 σοῦ
216 523 435 597 οἰκισθείσαις
461 518 702 609 κατῳκισμένοι
733 513 812 586 οὔδ’
849 510 941 587 οὗτοι
967 517 1090 596 πάντες

127 617 258 697 ἑκόντες
284 618 461 704 μένουσιν·
497 621 532 685 οί
556 617 605 704 δέ,
632 619 882 704 ξυμπονοῦντές
907 645 944 686 τε
969 623 1016 686 ἔτι
1033 617 1091 684 καὶ

97 744 112 784 ε
126 716 449 809 ξυγκινδυνεύοντες
472 715 573 786 αύτοί
587 745 623 786 τε
640 718 697 785 καὶ
714 715 735 802 ἡ
753 717 968 804 Μακεδονικὴ
986 736 1085 805 στρα-

124 819 189 905 τιά,
216 817 295 898 τοὺς
320 817 382 906 μὲν
409 820 447 887 έν
472 831 544 898 ταῖς
565 817 683 905 μάχαις
701 814 965 906 ἀπολωλέκασιν,
992 821 1029 886 ολ
1052 817 1091 887 δὲ

126 922 164 987 ἐκ
180 920 250 986 τῶν
268 917 469 1005 τραυμάτων
483 913 647 1006 ἀπόμαχοι
660 922 875 1007 γεγενημένοι
889 917 983 986 άλλοι
1001 913 1088 1006 άλλη

127 1025 188 1105 τῆς
199 1017 312 1098 Ἀσίας
325 1015 601 1106 ὑπολελειμμένοι
615 1025 717 1088 είσίν·
745 1023 781 1086 οί
792 1025 928 1099 πλείους
946 1018 984 1088 δὲ
997 1017 1090 1110 νόσῳ
1108 1029 1125 1078 6

127 1118 359 1206 άπολάλασιν,
394 1117 503 1204 ὀλίγοι
534 1118 573 1187 δέ
606 1121 643 1188 ἐκ
676 1123 811 1208 πολλῶν
836 1118 1090 1206 ύπολείπουται,

85 1246 114 1285 ιο
128 1221 184 1289 καὶ
202 1217 280 1289 ούτε
297 1233 367 1300 τοῖς
385 1219 537 1307 στόμασιν
554 1225 602 1287 έτι
620 1217 780 1298 ὡσαύτως
799 1221 991 1308 ἐρρωμένοι,
1016 1232 1090 1299 ταῖς

126 1347 163 1390 τε
188 1319 337 1409 γνύμαις
370 1322 457 1390 πολύ
486 1327 534 1390 ἔτι
558 1323 688 1408 μάλλον
715 1319 988 1408 προκεκμηκότες.
1033 1320 1090 1389 καὶ

126 1421 256 1501 τούτοις
274 1420 418 1508 ξύμπασι
435 1420 544 1501 πόθος
562 1422 624 1508 μὲν
640 1421 771 1507 γονέων
798 1424 900 1506 ἐστίν,
927 1419 1016 1500 ὅσοις
1043 1425 1091 1488 ἔτι

127 1521 297 1608 σιόζονται,
332 1520 440 1600 πόθος
466 1521 505 1590 δέ
530 1525 704 1607 γυναικῶν
728 1523 786 1590 καὶ
812 1527 955 1609 παίδων,
982 1518 1091 1599 πόθος

127 1622 166 1690 δὲ
184 1621 226 1708 δη
243 1624 301 1708 τῆς
319 1627 379 1708 γῆς
397 1619 501 1710 αὐτῆς
518 1627 577 1708 τῆς
594 1627 732 1707 οίκείας,
757 1619 801 1709 ἣν
819 1619 882 1700 ξύν
904 1627 952 1714 τῷ
972 1624 1008 1691 έν
1026 1625 1088 1689 σού

85 1748 113 1790 15
127 1722 322 1811 πορισθέντι
354 1729 450 1809 σφίσι
475 1721 601 1814 κόσμῳ,
627 1722 766 1811 μεγάλοι
798 1748 834 1790 τε
860 1717 937 1791 άντλ
961 1724 1091 1809 μικρῶν

127 1824 184 1893 καὶ
202 1821 356 1892 πλούσιοι
370 1824 405 1890 ἐκ
420 1821 573 1910 πενήτων
587 1821 864 1911 ἀναστρέφοντες,
883 1821 1095 1908 ξύγγνωστοί

129 1930 216 1993 είσιν
234 1926 363 1993 ἐπιδεῖν
381 1928 578 2002 ποθοῦντες.
606 1923 650 1990 σύ
668 1922 707 1991 δέ
723 1928 791 1991 νύν
808 1921 854 2010 μη
874 1919 969 2008 άγειν
986 1920 1089 1990 άκον-
1107 1935 1125 1983 ‘1

127 2043 202 2103 τας·
229 2022 397 2111 οὐδὲγάρ
416 2023 542 2113 ὁμοίοις
560 2027 607 2091 ἔτι
624 2022 731 2112 χρήση
751 2026 784 2104 ἐς
801 2021 880 2103 τούς
897 2021 1090 2108 κινδύνους,

128 2119 182 2203 οἷς
198 2123 236 2192 τό
256 2123 408 2194 ἑκούσιον
427 2127 464 2194 έν
481 2137 552 2204 τοῖς
570 2120 698 2208 άγῶσιν
712 2121 864 2192 άπέσται·
893 2121 1092 2192 ἐπανελθών

88 2249 116 2289 κο
131 2222 163 2293 δ’
183 2221 284 2304 αύτός
301 2253 348 2312 τε,
367 2233 399 2296 εί
415 2230 519 2311 δοκεῖ,
538 2225 571 2305 ές
588 2222 650 2311 την
668 2230 796 2294 οίκειάν
813 2225 869 2292 καὶ
886 2225 948 2312 τὴν
965 2224 1091 2313 μητέρα

128 2325 191 2412 τὴν
217 2329 345 2393 σαυτού
374 2324 458 2395 ίδοδν
479 2326 535 2394 καλ
553 2323 594 2393 τά
613 2328 683 2394 τάν
697 2323 865 2412 Ἑλλήνων
882 2323 1091 2411 καταστησά-

129 2453 228 2514 μενος
246 2427 303 2493 καὶ
319 2423 379 2505 τάς
397 2433 493 2505 νίκας
511 2425 633 2505 ταύτας
650 2425 709 2506 τάς
727 2424 853 2506 πολλάς
871 2426 928 2494 καὶ
944 2426 1092 2514 μεγάλας

131 2529 165 2605 ές
190 2523 251 2594 τόν
277 2531 435 2617 πατρῷον
458 2522 553 2594 οίκον
579 2531 718 2613 κομίσας
744 2523 833 2595 οὕτω
859 2528 902 2614 δὴ
929 2527 961 2606 έξ
988 2524 1091 2614 άρχῆς

10 2711 12 2722 A
131 2623 235 2719 άλλον
261 2624 380 2694 στόλον
403 2627 613 2712 στέλλεσθαι,
640 2631 672 2694 εί
686 2625 748 2712 μὲν
774 2624 902 2713 βούλει,
932 2624 984 2694 ἐπ’
1004 2623 1091 2696 αύτδι

13 2732 17 2745 “
88 2754 117 2796 τε
130 2730 236 2794 ταῦτα
260 2725 301 2792 τά
329 2723 413 2814 πρός
437 2724 500 2812 τὴν
528 2729 571 2796 ἕω
599 2719 766 2815 ᾠκισμένα
780 2720 898 2794 Ἰνδῶν
923 2727 1020 2812 γένη·
1061 2733 1094 2795 εί

131 2825 170 2895 δὲ
201 2824 329 2912 βούλει,
361 2827 395 2905 ές
426 2824 486 2894 τόν
517 2823 680 2906 Εὔξεινον
711 2822 853 2893 πόντον·
903 2831 935 2894 εί
959 2827 1009 2912 δέ,
1037 2825 1092 2894 έπλ

129 2924 335 3015 Καρχηδόνα
367 2925 424 2993 καὶ
456 2924 497 2994 τά
530 2923 583 2994 ἐπ’
622 2920 732 2995 ἐκεῖνα
759 2931 1003 3014 Καρχηδονίων
1032 2929 1091 3012 τῆς

130 3027 268 3116 Λιβύης.
301 3030 407 3095 ταῦτα
433 3025 472 3094 δὲ
498 3024 561 3095 σδν
585 3025 650 3112 ἥδη
670 3029 867 3113 ἐξηγεῖσθαι.
901 3029 1036 3108 ἕψονται
1054 3028 1125 3094 δέ8

131 3150 184 3197 σοι
210 3127 305 3197 άλλοι
333 3126 535 3207 Μακεδόνες
558 3129 615 3195 καὶ
642 3125 738 3196 άλλοι
755 3125 927 3215 Ἕλληνες,
962 3127 1032 3196 νέοι
1056 3153 1093 3196 τε

89 3227 207 3300 εοάντλ
232 3227 403 3318 γερόντων
428 3230 486 3297 καὶ
513 3225 655 3316 άκμῆτες
682 3225 758 3297 άντλ
784 3229 1007 3315 κεκμηκότων,
1034 3228 1091 3295 καὶ

131 3325 181 3410 οἷς
216 3328 258 3398 τά
291 3334 354 3398 τού
379 3331 527 3418 πολέμου
562 3329 617 3396 διὰ
649 3326 686 3397 τδ
721 3326 903 3417 άπείρατον
933 3334 967 3408 ἒς
993 3327 1092 3397 τετὸ

130 3455 320 3520 παραυτικα
346 3425 387 3500 ού
414 3429 541 3519 φοβερὰ
568 3429 624 3498 καὶ
650 3427 733 3498 κατά
755 3427 816 3516 τὴν
834 3435 895 3498 τού
913 3431 1092 3517 μέλλοντος
1126 3444 1129 3454 '

182 3549 310 3592 Αεωιιοε.
858 3543 890 3601 16
