<?xml version="1.0" encoding="UTF-8"?>
<!DOCTYPE html PUBLIC "-//W3C//DTD XHTML 1.0 Transitional//EN"
    "http://www.w3.org/TR/xhtml1/DTD/xhtml1-transitional.dtd">
<html xmlns="http://www.w3.org/1999/xhtml" xml:lang="en" lang="en">
 <head>
  <title>
</title>
<meta http-equiv="Content-Type" content="text/html;charset=utf-8" />
  <meta name='ocr-system' content='tesseract 3.04.00' />
  <meta name='ocr-capabilities' content='ocr_page ocr_carea ocr_par ocr_line ocrx_word'/>
</head>
<body>
  <div class='ocr_page' id='page_1' title='image "./arrianianabasis01arrigoog_0233.png"; bbox 0 0 2632 3922; ppageno 0'>
   <div class='ocr_carea' id='block_1_1' title="bbox 196 117 810 185">
    <p class='ocr_par' dir='ltr' id='par_1_1' title="bbox 196 117 810 185">
     <span class='ocr_line' id='line_1_1' title="bbox 196 117 810 185; baseline -0.008 -10"><span class='ocrx_word' id='word_1_1' title='bbox 196 122 261 185; x_wconf 84' lang='grc'><strong><em>216</em></strong></span> <span class='ocrx_word' id='word_1_2' title='bbox 559 117 810 178; x_wconf 75' lang='grc' dir='ltr'><strong>ΔΛΕΞΔΝΔΡΟΤ</strong></span> 
     </span>
    </p>
   </div>
   <div class='ocr_carea' id='block_1_2' title="bbox 188 271 1289 667">
    <p class='ocr_par' dir='ltr' id='par_1_2' title="bbox 188 271 1199 472">
     <span class='ocr_line' id='line_1_2' title="bbox 188 271 1199 362; baseline -0.009 -15"><span class='ocrx_word' id='word_1_3' title='bbox 188 276 352 356; x_wconf 83' lang='grc' dir='ltr'><strong><em>Ἀτταλος</em></strong></span> <span class='ocrx_word' id='word_1_4' title='bbox 371 278 428 344; x_wconf 82' lang='grc' dir='ltr'><strong><em>καὶ</em></strong></span> <span class='ocrx_word' id='word_1_5' title='bbox 448 284 595 362; x_wconf 76' lang='grc' dir='ltr'><strong><em>Γοργίας</em></strong></span> <span class='ocrx_word' id='word_1_6' title='bbox 615 276 678 358; x_wconf 82' lang='grc' dir='ltr'><strong><em>ξύν</em></strong></span> <span class='ocrx_word' id='word_1_7' title='bbox 695 291 767 354; x_wconf 80' lang='grc' dir='ltr'><strong><em>τοῖς</em></strong></span> <span class='ocrx_word' id='word_1_8' title='bbox 784 271 1001 362; x_wconf 86' lang='grc' dir='ltr'><strong><em>μισθοφόροις</em></strong></span> <span class='ocrx_word' id='word_1_9' title='bbox 1022 275 1199 340; x_wconf 76' lang='grc' dir='ltr'><strong><em>ἱππεῦσί</em></strong></span> 
     </span>
     <span class='ocr_line' id='line_1_3' title="bbox 198 381 640 472; baseline 0 -25"><span class='ocrx_word' id='word_1_10' title='bbox 198 381 310 448; x_wconf 80' lang='grc' dir='ltr'><strong><em>τεκαὶ</em></strong></span> <span class='ocrx_word' id='word_1_11' title='bbox 333 385 444 472; x_wconf 79' lang='grc' dir='ltr'><strong><em>πεζοῖς</em></strong></span> <span class='ocrx_word' id='word_1_12' title='bbox 466 403 640 464; x_wconf 87' lang='grc' dir='ltr'><strong><em>ετεταχατο</em></strong></span> 
     </span>
    </p>

    <p class='ocr_par' dir='ltr' id='par_1_3' title="bbox 199 471 1289 667">
     <span class='ocr_line' id='line_1_4' title="bbox 199 471 1289 567; baseline -0.007 -20"><span class='ocrx_word' id='word_1_13' title='bbox 199 480 402 566; x_wconf 84' lang='grc' dir='ltr'><strong><em>ρηγγὲλλετο</em></strong></span> <span class='ocrx_word' id='word_1_14' title='bbox 411 479 494 562; x_wconf 78' lang='grc' dir='ltr'><strong><em>κατὰ</em></strong></span> <span class='ocrx_word' id='word_1_15' title='bbox 504 479 618 567; x_wconf 91' lang='grc' dir='ltr'><strong><em>μέρος,</em></strong></span> <span class='ocrx_word' id='word_1_16' title='bbox 632 477 803 556; x_wconf 84' lang='grc' dir='ltr'><strong><em>διελόντας</em></strong></span> <span class='ocrx_word' id='word_1_17' title='bbox 815 473 878 544; x_wconf 85' lang='grc' dir='ltr'><strong><em>τόν</em></strong></span> <span class='ocrx_word' id='word_1_18' title='bbox 891 473 1047 562; x_wconf 80' lang='grc' dir='ltr'><strong><em>στρατόν,</em></strong></span> <span class='ocrx_word' id='word_1_19' title='bbox 1060 471 1187 540; x_wconf 81' lang='grc' dir='ltr'><strong><em>ὁπότε</em></strong></span> <span class='ocrx_word' id='word_1_20' title='bbox 1288 489 1289 510; x_wconf 68' lang='lat'>³</span> 
     </span>
     <span class='ocr_line' id='line_1_5' title="bbox 199 573 1181 667; baseline -0.009 -19"><span class='ocrx_word' id='word_1_21' title='bbox 199 580 445 666; x_wconf 79' lang='grc' dir='ltr'><strong><em>ξυνεχομένους</em></strong></span> <span class='ocrx_word' id='word_1_22' title='bbox 471 577 537 666; x_wconf 79' lang='grc' dir='ltr'><strong><em>ἤδη</em></strong></span> <span class='ocrx_word' id='word_1_23' title='bbox 564 581 601 648; x_wconf 88' lang='grc' dir='ltr'><strong><em>ἐν</em></strong></span> <span class='ocrx_word' id='word_1_24' title='bbox 626 583 669 667; x_wconf 78' lang='grc' dir='ltr'><strong><em>τῇ</em></strong></span> <span class='ocrx_word' id='word_1_25' title='bbox 695 575 786 666; x_wconf 82' lang='grc' dir='ltr'><strong><em>μάχη</em></strong></span> <span class='ocrx_word' id='word_1_26' title='bbox 807 577 886 656; x_wconf 85' lang='grc' dir='ltr'><strong><em>τούς</em></strong></span> <span class='ocrx_word' id='word_1_27' title='bbox 900 573 1028 653; x_wconf 78' lang='grc' dir='ltr'><strong><em>Ἰνδούς</em></strong></span> <span class='ocrx_word' id='word_1_28' title='bbox 1048 578 1181 642; x_wconf 83' lang='grc' dir='ltr'><strong><em>ἴδοιεν.</em></strong></span> 
     </span>
    </p>
   </div>
   <div class='ocr_carea' id='block_1_3' title="bbox 163 674 1289 3477">
    <p class='ocr_par' dir='ltr' id='par_1_4' title="bbox 277 674 1214 767">
     <span class='ocr_line' id='line_1_6' title="bbox 277 674 1214 767; baseline -0.012 -17"><span class='ocrx_word' id='word_1_29' title='bbox 277 679 393 759; x_wconf 84' lang='grc' dir='ltr'><strong><em>Αύτδς</em></strong></span> <span class='ocrx_word' id='word_1_30' title='bbox 431 677 469 748; x_wconf 75' lang='grc' dir='ltr'><strong><em>δὲ</em></strong></span> <span class='ocrx_word' id='word_1_31' title='bbox 509 675 741 767; x_wconf 79' lang='grc' dir='ltr'><strong><em>ἐπιλεξάμενος</em></strong></span> <span class='ocrx_word' id='word_1_32' title='bbox 778 683 847 747; x_wconf 86' lang='grc' dir='ltr'><strong><em>τῶν</em></strong></span> <span class='ocrx_word' id='word_1_33' title='bbox 879 703 915 744; x_wconf 85' lang='grc' dir='ltr'><strong><em>τε</em></strong></span> <span class='ocrx_word' id='word_1_34' title='bbox 948 678 1092 764; x_wconf 82' lang='grc' dir='ltr'><strong><em>ἑταίρων</em></strong></span> <span class='ocrx_word' id='word_1_35' title='bbox 1132 674 1214 742; x_wconf 77' lang='grc' dir='ltr'><strong><em>τδσ</em></strong></span> 
     </span>
    </p>

    <p class='ocr_par' dir='ltr' id='par_1_5' title="bbox 165 773 1179 868">
     <span class='ocr_line' id='line_1_7' title="bbox 165 773 1179 868; baseline -0.003 -23"><span class='ocrx_word' id='word_1_36' title='bbox 165 779 314 868; x_wconf 81' lang='grc' dir='ltr'><strong><em>κάγημα</em></strong></span> <span class='ocrx_word' id='word_1_37' title='bbox 345 782 402 848; x_wconf 81' lang='grc' dir='ltr'><strong><em>καὶ</em></strong></span> <span class='ocrx_word' id='word_1_38' title='bbox 433 781 496 868; x_wconf 79' lang='grc' dir='ltr'><strong><em>τὴν</em></strong></span> <span class='ocrx_word' id='word_1_39' title='bbox 527 779 771 867; x_wconf 79' lang='grc' dir='ltr'><strong><em>Ἡφαιστίωνος</em></strong></span> <span class='ocrx_word' id='word_1_40' title='bbox 806 783 990 864; x_wconf 73' lang='grc' dir='ltr'><strong><em>ἱππαρχίαν</em></strong></span> <span class='ocrx_word' id='word_1_41' title='bbox 1014 778 1072 844; x_wconf 84' lang='grc' dir='ltr'><strong><em>καὶ</em></strong></span> <span class='ocrx_word' id='word_1_42' title='bbox 1099 773 1179 862; x_wconf 78' lang='grc' dir='ltr'><strong><em>τὴν</em></strong></span> 
     </span>
    </p>

    <p class='ocr_par' dir='ltr' id='par_1_6' title="bbox 199 876 1179 970">
     <span class='ocr_line' id='line_1_8' title="bbox 199 876 1179 970; baseline -0.009 -18"><span class='ocrx_word' id='word_1_43' title='bbox 199 887 398 969; x_wconf 76' lang='grc' dir='ltr'><strong><em>Περδίκκου</em></strong></span> <span class='ocrx_word' id='word_1_44' title='bbox 424 882 535 950; x_wconf 81' lang='grc' dir='ltr'><strong><em>τεκαὶ</em></strong></span> <span class='ocrx_word' id='word_1_45' title='bbox 554 889 753 970; x_wconf 82' lang='grc' dir='ltr'><strong><em>Δημητρίου</em></strong></span> <span class='ocrx_word' id='word_1_46' title='bbox 770 880 827 948; x_wconf 84' lang='grc' dir='ltr'><strong><em>καὶ</em></strong></span> <span class='ocrx_word' id='word_1_47' title='bbox 845 877 925 957; x_wconf 84' lang='grc' dir='ltr'><strong><em>τούς</em></strong></span> <span class='ocrx_word' id='word_1_48' title='bbox 945 881 981 946; x_wconf 88' lang='grc' dir='ltr'><strong><em>ἐκ</em></strong></span> <span class='ocrx_word' id='word_1_49' title='bbox 999 876 1179 962; x_wconf 77' lang='grc' dir='ltr'><strong><em>Βάκτρων</em></strong></span> 
     </span>
    </p>

    <p class='ocr_par' dir='ltr' id='par_1_7' title="bbox 198 977 1176 1067">
     <span class='ocr_line' id='line_1_9' title="bbox 198 977 1176 1067; baseline -0.007 -17"><span class='ocrx_word' id='word_1_50' title='bbox 198 984 257 1050; x_wconf 85' lang='grc' dir='ltr'><strong><em>καλ</em></strong></span> <span class='ocrx_word' id='word_1_51' title='bbox 286 985 490 1067; x_wconf 75' lang='grc' dir='ltr'><strong><em>Σογδιανῶν</em></strong></span> <span class='ocrx_word' id='word_1_52' title='bbox 515 984 573 1052; x_wconf 80' lang='grc' dir='ltr'><strong><em>καὶ</em></strong></span> <span class='ocrx_word' id='word_1_53' title='bbox 590 983 671 1062; x_wconf 86' lang='grc' dir='ltr'><strong><em>τούς</em></strong></span> <span class='ocrx_word' id='word_1_54' title='bbox 690 979 833 1060; x_wconf 90' lang='grc' dir='ltr'><strong><em>Σκύθας</em></strong></span> <span class='ocrx_word' id='word_1_55' title='bbox 853 979 972 1058; x_wconf 77' lang='grc' dir='ltr'><strong><em>ίκπέας</em></strong></span> <span class='ocrx_word' id='word_1_56' title='bbox 989 979 1046 1046; x_wconf 77' lang='grc' dir='ltr'><strong><em>καί</em></strong></span> <span class='ocrx_word' id='word_1_57' title='bbox 1065 977 1176 1056; x_wconf 88' lang='grc' dir='ltr'><strong><em>Δάας</em></strong></span> 
     </span>
    </p>

    <p class='ocr_par' dir='ltr' id='par_1_8' title="bbox 198 1077 1174 1169">
     <span class='ocr_line' id='line_1_10' title="bbox 198 1077 1174 1169; baseline -0.005 -20"><span class='ocrx_word' id='word_1_58' title='bbox 198 1080 279 1160; x_wconf 83' lang='grc' dir='ltr'><strong><em>τούς</em></strong></span> <span class='ocrx_word' id='word_1_59' title='bbox 299 1081 519 1162; x_wconf 81' lang='grc' dir='ltr'><strong><em>ίπποτοξότας</em></strong></span> <span class='ocrx_word' id='word_1_60' title='bbox 533 1083 590 1149; x_wconf 88' lang='grc' dir='ltr'><strong><em>καὶ</em></strong></span> <span class='ocrx_word' id='word_1_61' title='bbox 607 1088 665 1169; x_wconf 80' lang='grc' dir='ltr'><strong><em>τῆς</em></strong></span> <span class='ocrx_word' id='word_1_62' title='bbox 679 1083 853 1169; x_wconf 78' lang='grc' dir='ltr'><strong><em>φάλαγγος</em></strong></span> <span class='ocrx_word' id='word_1_63' title='bbox 868 1078 948 1157; x_wconf 90' lang='grc' dir='ltr'><strong><em>τούς</em></strong></span> <span class='ocrx_word' id='word_1_64' title='bbox 961 1105 997 1146; x_wconf 89' lang='grc' dir='ltr'><strong><em>τε</em></strong></span> <span class='ocrx_word' id='word_1_65' title='bbox 1008 1077 1174 1146; x_wconf 85' lang='grc' dir='ltr'><strong><em>ύτασπι-</em></strong></span> 
     </span>
    </p>

    <p class='ocr_par' dir='ltr' id='par_1_9' title="bbox 198 1177 1220 1269">
     <span class='ocr_line' id='line_1_11' title="bbox 198 1177 1220 1269; baseline -0.003 -21"><span class='ocrx_word' id='word_1_66' title='bbox 198 1180 281 1260; x_wconf 84' lang='grc' dir='ltr'><strong><em>στάς</em></strong></span> <span class='ocrx_word' id='word_1_67' title='bbox 313 1183 370 1248; x_wconf 80' lang='grc' dir='ltr'><strong><em>καὶ</em></strong></span> <span class='ocrx_word' id='word_1_68' title='bbox 403 1180 466 1269; x_wconf 79' lang='grc' dir='ltr'><strong><em>τὴν</em></strong></span> <span class='ocrx_word' id='word_1_69' title='bbox 492 1189 639 1252; x_wconf 79' lang='grc' dir='ltr'><strong><em>Κλείτου</em></strong></span> <span class='ocrx_word' id='word_1_70' title='bbox 666 1208 702 1250; x_wconf 87' lang='grc' dir='ltr'><strong><em>τε</em></strong></span> <span class='ocrx_word' id='word_1_71' title='bbox 736 1183 793 1250; x_wconf 88' lang='grc' dir='ltr'><strong><em>καὶ</em></strong></span> <span class='ocrx_word' id='word_1_72' title='bbox 819 1187 948 1248; x_wconf 88' lang='grc' dir='ltr'><strong><em>Κοίνου</em></strong></span> <span class='ocrx_word' id='word_1_73' title='bbox 973 1177 1077 1258; x_wconf 81' lang='grc' dir='ltr'><strong><em>’τάξιν</em></strong></span> <span class='ocrx_word' id='word_1_74' title='bbox 1103 1179 1171 1246; x_wconf 83' lang='grc' dir='ltr'><strong><em>καλ</em></strong></span> <span class='ocrx_word' id='word_1_75' title='bbox 1188 1199 1220 1239; x_wconf 84' lang='lat'><strong><em>1⁰</em></strong></span> 
     </span>
    </p>

    <p class='ocr_par' dir='ltr' id='par_1_10' title="bbox 197 1270 1171 1369">
     <span class='ocr_line' id='line_1_12' title="bbox 197 1270 1171 1369; baseline -0.005 -19"><span class='ocrx_word' id='word_1_76' title='bbox 197 1282 279 1361; x_wconf 86' lang='grc' dir='ltr'><strong><em>τούς</em></strong></span> <span class='ocrx_word' id='word_1_77' title='bbox 304 1281 443 1364; x_wconf 86' lang='grc' dir='ltr'><strong><em>τοξότας</em></strong></span> <span class='ocrx_word' id='word_1_78' title='bbox 468 1307 504 1350; x_wconf 88' lang='grc' dir='ltr'><strong><em>τε</em></strong></span> <span class='ocrx_word' id='word_1_79' title='bbox 521 1285 578 1352; x_wconf 80' lang='grc' dir='ltr'><strong><em>καὶ</em></strong></span> <span class='ocrx_word' id='word_1_80' title='bbox 595 1281 677 1362; x_wconf 84' lang='grc' dir='ltr'><strong><em>τούς</em></strong></span> <span class='ocrx_word' id='word_1_81' title='bbox 691 1280 886 1369; x_wconf 72' lang='grc' dir='ltr'><strong><em>Ἀγριᾶνας,</em></strong></span> <span class='ocrx_word' id='word_1_82' title='bbox 911 1270 993 1365; x_wconf 76' lang='grc' dir='ltr'><strong><em>ἦγεν</em></strong></span> <span class='ocrx_word' id='word_1_83' title='bbox 1010 1276 1171 1365; x_wconf 82' lang='grc' dir='ltr'><strong><em>ἀφανῶς,</em></strong></span> 
     </span>
    </p>

    <p class='ocr_par' dir='ltr' id='par_1_11' title="bbox 198 1377 1289 1471">
     <span class='ocr_line' id='line_1_13' title="bbox 198 1377 1289 1471; baseline -0.004 -21"><span class='ocrx_word' id='word_1_84' title='bbox 198 1381 290 1450; x_wconf 88' lang='grc' dir='ltr'><strong><em>πολύ</em></strong></span> <span class='ocrx_word' id='word_1_85' title='bbox 323 1408 355 1450; x_wconf 92' lang='grc' dir='ltr'><strong><em>τι</em></strong></span> <span class='ocrx_word' id='word_1_86' title='bbox 385 1380 520 1468; x_wconf 84' lang='grc' dir='ltr'><strong><em>ἀπέχυν</em></strong></span> <span class='ocrx_word' id='word_1_87' title='bbox 552 1387 611 1471; x_wconf 82' lang='grc' dir='ltr'><strong><em>τῆς</em></strong></span> <span class='ocrx_word' id='word_1_88' title='bbox 645 1381 767 1470; x_wconf 86' lang='grc' dir='ltr'><strong><em>όχθης,</em></strong></span> <span class='ocrx_word' id='word_1_89' title='bbox 801 1382 861 1448; x_wconf 83' lang='grc' dir='ltr'><strong><em>τοῦ</em></strong></span> <span class='ocrx_word' id='word_1_90' title='bbox 894 1378 940 1466; x_wconf 78' lang='grc' dir='ltr'><strong><em>μή</em></strong></span> <span class='ocrx_word' id='word_1_91' title='bbox 966 1377 1170 1464; x_wconf 83' lang='grc' dir='ltr'><strong><em>καταφανὴς</em></strong></span> <span class='ocrx_word' id='word_1_92' title='bbox 1288 1435 1289 1470; x_wconf 60' lang='grc'><strong><em>,</em></strong></span> 
     </span>
    </p>

    <p class='ocr_par' dir='ltr' id='par_1_12' title="bbox 199 1479 1289 1571">
     <span class='ocr_line' id='line_1_14' title="bbox 199 1479 1289 1571; baseline -0.002 -21"><span class='ocrx_word' id='word_1_93' title='bbox 199 1480 287 1550; x_wconf 84' lang='grc' dir='ltr'><strong><em>εἶναι</em></strong></span> <span class='ocrx_word' id='word_1_94' title='bbox 318 1479 412 1566; x_wconf 81' lang='grc' dir='ltr'><strong><em>ἀγων</em></strong></span> <span class='ocrx_word' id='word_1_95' title='bbox 445 1484 500 1551; x_wconf 79' lang='grc' dir='ltr'><strong><em>ἐπὶ</em></strong></span> <span class='ocrx_word' id='word_1_96' title='bbox 532 1484 594 1570; x_wconf 81' lang='grc' dir='ltr'><strong><em>τὴν</em></strong></span> <span class='ocrx_word' id='word_1_97' title='bbox 619 1487 726 1571; x_wconf 83' lang='grc' dir='ltr'><strong><em>νῆσον</em></strong></span> <span class='ocrx_word' id='word_1_98' title='bbox 751 1485 809 1550; x_wconf 85' lang='grc' dir='ltr'><strong><em>καὶ</em></strong></span> <span class='ocrx_word' id='word_1_99' title='bbox 835 1479 897 1566; x_wconf 82' lang='grc' dir='ltr'><strong><em>τὴν</em></strong></span> <span class='ocrx_word' id='word_1_100' title='bbox 923 1479 1032 1569; x_wconf 84' lang='grc' dir='ltr'><strong><em>ἀκρον</em></strong></span> <span class='ocrx_word' id='word_1_101' title='bbox 1058 1485 1168 1548; x_wconf 84' lang='grc' dir='ltr'><strong><em>ἔνθεν</em></strong></span> <span class='ocrx_word' id='word_1_102' title='bbox 1288 1483 1289 1486; x_wconf 64' lang='grc'>’</span> 
     </span>
    </p>

    <p class='ocr_par' dir='ltr' id='par_1_13' title="bbox 164 1576 1210 1770">
     <span class='ocr_line' id='line_1_15' title="bbox 199 1576 1170 1674; baseline 0 -26"><span class='ocrx_word' id='word_1_103' title='bbox 199 1585 388 1668; x_wconf 74' lang='grc' dir='ltr'><strong><em>διαβαίνειν</em></strong></span> <span class='ocrx_word' id='word_1_104' title='bbox 428 1581 522 1674; x_wconf 78' lang='grc' dir='ltr'><strong><em>αύτῷ</em></strong></span> <span class='ocrx_word' id='word_1_105' title='bbox 560 1576 604 1670; x_wconf 78' lang='grc' dir='ltr'><strong><em>ἦν</em></strong></span> <span class='ocrx_word' id='word_1_106' title='bbox 639 1584 860 1671; x_wconf 79' lang='grc' dir='ltr'><strong><em>ἐγνωσμένον.</em></strong></span> <span class='ocrx_word' id='word_1_107' title='bbox 920 1583 977 1650; x_wconf 76' lang='grc' dir='ltr'><strong><em>καί</em></strong></span> <span class='ocrx_word' id='word_1_108' title='bbox 1012 1583 1170 1650; x_wconf 80' lang='grc' dir='ltr'><strong><em>ἐνταῦθα</em></strong></span> 
     </span>
     <span class='ocr_line' id='line_1_16' title="bbox 164 1681 1210 1770; baseline -0.002 -22"><span class='ocrx_word' id='word_1_109' title='bbox 164 1683 412 1769; x_wconf 69' lang='grc' dir='ltr'><strong><em>δέπληρούντο</em></strong></span> <span class='ocrx_word' id='word_1_110' title='bbox 437 1687 498 1770; x_wconf 80' lang='grc' dir='ltr'><strong><em>τῆς</em></strong></span> <span class='ocrx_word' id='word_1_111' title='bbox 529 1684 653 1765; x_wconf 88' lang='grc' dir='ltr'><strong><em>νυκτός</em></strong></span> <span class='ocrx_word' id='word_1_112' title='bbox 686 1689 725 1754; x_wconf 89' lang='grc' dir='ltr'><strong><em>αί</em></strong></span> <span class='ocrx_word' id='word_1_113' title='bbox 754 1681 913 1768; x_wconf 78' lang='grc' dir='ltr'><strong><em>διφθέραι</em></strong></span> <span class='ocrx_word' id='word_1_114' title='bbox 938 1687 996 1766; x_wconf 80' lang='grc' dir='ltr'><strong><em>τῆς</em></strong></span> <span class='ocrx_word' id='word_1_115' title='bbox 1028 1681 1165 1768; x_wconf 82' lang='grc' dir='ltr'><strong><em>κάρφης</em></strong></span> <span class='ocrx_word' id='word_1_116' title='bbox 1179 1705 1210 1746; x_wconf 80' lang='grc' dir='ltr'><strong><em>ιε</em></strong></span> 
     </span>
    </p>

    <p class='ocr_par' dir='ltr' id='par_1_14' title="bbox 199 1781 1166 1875">
     <span class='ocr_line' id='line_1_17' title="bbox 199 1781 1166 1875; baseline 0 -26"><span class='ocrx_word' id='word_1_117' title='bbox 199 1783 237 1850; x_wconf 83' lang='grc' dir='ltr'><strong><em>ἐκ</em></strong></span> <span class='ocrx_word' id='word_1_118' title='bbox 264 1789 394 1852; x_wconf 78' lang='grc' dir='ltr'><strong><em>πολλοῦ</em></strong></span> <span class='ocrx_word' id='word_1_119' title='bbox 421 1781 484 1872; x_wconf 77' lang='grc' dir='ltr'><strong><em>ἤδη</em></strong></span> <span class='ocrx_word' id='word_1_120' title='bbox 510 1787 803 1875; x_wconf 82' lang='grc' dir='ltr'><strong><em>παρενηνεγμένης</em></strong></span> <span class='ocrx_word' id='word_1_121' title='bbox 820 1784 877 1851; x_wconf 80' lang='grc' dir='ltr'><strong><em>καὶ</em></strong></span> <span class='ocrx_word' id='word_1_122' title='bbox 894 1782 1166 1870; x_wconf 78' lang='grc' dir='ltr'><strong><em>κατερράπτοντο</em></strong></span> 
     </span>
    </p>

    <p class='ocr_par' dir='ltr' id='par_1_15' title="bbox 200 1881 1166 1975">
     <span class='ocr_line' id='line_1_18' title="bbox 200 1881 1166 1975; baseline 0 -23"><span class='ocrx_word' id='word_1_123' title='bbox 200 1885 234 1962; x_wconf 88' lang='grc' dir='ltr'><strong><em>ἐς</em></strong></span> <span class='ocrx_word' id='word_1_124' title='bbox 248 1881 436 1972; x_wconf 88' lang='grc' dir='ltr'><strong><em>ἀκρίβειαν·</em></strong></span> <span class='ocrx_word' id='word_1_125' title='bbox 454 1883 550 1975; x_wconf 77' lang='grc' dir='ltr'><strong><em>ὕδωρ</em></strong></span> <span class='ocrx_word' id='word_1_126' title='bbox 563 1912 600 1956; x_wconf 89' lang='grc' dir='ltr'><strong><em>τε</em></strong></span> <span class='ocrx_word' id='word_1_127' title='bbox 613 1889 646 1968; x_wconf 80' lang='grc' dir='ltr'><strong><em>ἐξ</em></strong></span> <span class='ocrx_word' id='word_1_128' title='bbox 664 1885 814 1973; x_wconf 81' lang='grc' dir='ltr'><strong><em>ούρανοῦ</em></strong></span> <span class='ocrx_word' id='word_1_129' title='bbox 828 1889 886 1970; x_wconf 77' lang='grc' dir='ltr'><strong><em>τῆς</em></strong></span> <span class='ocrx_word' id='word_1_130' title='bbox 895 1884 1022 1962; x_wconf 90' lang='grc' dir='ltr'><strong><em>νυκτδς</em></strong></span> <span class='ocrx_word' id='word_1_131' title='bbox 1036 1882 1166 1970; x_wconf 87' lang='grc' dir='ltr'><strong><em>λάβρον</em></strong></span> 
     </span>
    </p>

    <p class='ocr_par' dir='ltr' id='par_1_16' title="bbox 199 1983 1165 2074">
     <span class='ocr_line' id='line_1_19' title="bbox 199 1983 1165 2074; baseline 0 -22"><span class='ocrx_word' id='word_1_132' title='bbox 199 1987 391 2070; x_wconf 78' lang='grc' dir='ltr'><strong><em>ἐπιγίνεται.</em></strong></span> <span class='ocrx_word' id='word_1_133' title='bbox 435 1986 542 2074; x_wconf 79' lang='grc' dir='ltr'><strong><em>ταύτῃ</em></strong></span> <span class='ocrx_word' id='word_1_134' title='bbox 568 1987 625 2054; x_wconf 82' lang='grc' dir='ltr'><strong><em>καὶ</em></strong></span> <span class='ocrx_word' id='word_1_135' title='bbox 651 1985 782 2072; x_wconf 77' lang='grc' dir='ltr'><strong><em>μᾶλλόν</em></strong></span> <span class='ocrx_word' id='word_1_136' title='bbox 801 2011 832 2052; x_wconf 88' lang='grc' dir='ltr'><strong><em>τι</em></strong></span> <span class='ocrx_word' id='word_1_137' title='bbox 856 1983 878 2070; x_wconf 81' lang='grc' dir='ltr'><strong><em>ἡ</em></strong></span> <span class='ocrx_word' id='word_1_138' title='bbox 905 1983 1101 2072; x_wconf 83' lang='grc' dir='ltr'><strong><em>παρασκευή</em></strong></span> <span class='ocrx_word' id='word_1_139' title='bbox 1127 2009 1165 2052; x_wconf 91' lang='grc' dir='ltr'><strong><em>τε</em></strong></span> 
     </span>
    </p>

    <p class='ocr_par' dir='ltr' id='par_1_17' title="bbox 199 2081 1161 2175">
     <span class='ocr_line' id='line_1_20' title="bbox 199 2081 1161 2175; baseline 0 -24"><span class='ocrx_word' id='word_1_140' title='bbox 199 2081 292 2175; x_wconf 75' lang='grc' dir='ltr'><strong><em>αύτῷ</em></strong></span> <span class='ocrx_word' id='word_1_141' title='bbox 306 2083 397 2170; x_wconf 82' lang='grc' dir='ltr'><strong><em>καὶὴ</em></strong></span> <span class='ocrx_word' id='word_1_142' title='bbox 417 2087 616 2172; x_wconf 78' lang='grc' dir='ltr'><strong><em>ἐπιχείρησις</em></strong></span> <span class='ocrx_word' id='word_1_143' title='bbox 632 2085 654 2172; x_wconf 82' lang='grc' dir='ltr'><strong><em>ἡ</em></strong></span> <span class='ocrx_word' id='word_1_144' title='bbox 674 2089 707 2164; x_wconf 81' lang='grc' dir='ltr'><strong><em>ές</em></strong></span> <span class='ocrx_word' id='word_1_145' title='bbox 723 2084 786 2172; x_wconf 80' lang='grc' dir='ltr'><strong><em>την</em></strong></span> <span class='ocrx_word' id='word_1_146' title='bbox 804 2081 959 2172; x_wconf 84' lang='grc' dir='ltr'><strong><em>διάβασιν</em></strong></span> <span class='ocrx_word' id='word_1_147' title='bbox 976 2083 1018 2154; x_wconf 89' lang='grc' dir='ltr'><strong><em>ού</em></strong></span> <span class='ocrx_word' id='word_1_148' title='bbox 1030 2083 1161 2172; x_wconf 86' lang='grc' dir='ltr'><strong><em>φανερά</em></strong></span> 
     </span>
    </p>

    <p class='ocr_par' dir='ltr' id='par_1_18' title="bbox 198 2182 1205 2276">
     <span class='ocr_line' id='line_1_21' title="bbox 198 2182 1205 2276; baseline -0.001 -26"><span class='ocrx_word' id='word_1_149' title='bbox 198 2185 340 2272; x_wconf 82' lang='grc' dir='ltr'><strong><em>κατέστη</em></strong></span> <span class='ocrx_word' id='word_1_150' title='bbox 371 2188 420 2274; x_wconf 77' lang='grc' dir='ltr'><strong><em>τῷ</em></strong></span> <span class='ocrx_word' id='word_1_151' title='bbox 446 2186 564 2276; x_wconf 85' lang='grc' dir='ltr'><strong><em>κτύπφ</em></strong></span> <span class='ocrx_word' id='word_1_152' title='bbox 596 2185 660 2276; x_wconf 71' lang='grc' dir='ltr'><strong><em>τῷΙ</em></strong></span> <span class='ocrx_word' id='word_1_153' title='bbox 677 2183 744 2254; x_wconf 87' lang='grc' dir='ltr'><strong><em>ἀπό</em></strong></span> <span class='ocrx_word' id='word_1_154' title='bbox 777 2191 846 2254; x_wconf 88' lang='grc' dir='ltr'><strong><em>τῶν</em></strong></span> <span class='ocrx_word' id='word_1_155' title='bbox 878 2182 993 2252; x_wconf 77' lang='grc' dir='ltr'><strong><em>ὅπλων</em></strong></span> <span class='ocrx_word' id='word_1_156' title='bbox 1024 2186 1081 2252; x_wconf 86' lang='grc' dir='ltr'><strong><em>καλ</em></strong></span> <span class='ocrx_word' id='word_1_157' title='bbox 1112 2189 1161 2276; x_wconf 74' lang='grc' dir='ltr'><strong><em>τῷ</em></strong></span> <span class='ocrx_word' id='word_1_158' title='bbox 1175 2209 1205 2248; x_wconf 78' lang='grc' dir='ltr'><strong><em>ιο</em></strong></span> 
     </span>
    </p>

    <p class='ocr_par' dir='ltr' id='par_1_19' title="bbox 198 2283 1161 2374">
     <span class='ocr_line' id='line_1_22' title="bbox 198 2283 1161 2374; baseline 0 -22"><span class='ocrx_word' id='word_1_159' title='bbox 198 2284 341 2374; x_wconf 79' lang='grc' dir='ltr'><strong><em>θορύβῳ</em></strong></span> <span class='ocrx_word' id='word_1_160' title='bbox 367 2288 415 2374; x_wconf 75' lang='grc' dir='ltr'><strong><em>τῷ</em></strong></span> <span class='ocrx_word' id='word_1_161' title='bbox 443 2283 507 2352; x_wconf 85' lang='grc' dir='ltr'><strong><em>ἀπὸ</em></strong></span> <span class='ocrx_word' id='word_1_162' title='bbox 526 2290 595 2354; x_wconf 88' lang='grc' dir='ltr'><strong><em>τῶν</em></strong></span> <span class='ocrx_word' id='word_1_163' title='bbox 613 2285 901 2374; x_wconf 70' lang='grc' dir='ltr'><strong><em>παραγγελμάτων</em></strong></span> <span class='ocrx_word' id='word_1_164' title='bbox 919 2287 990 2353; x_wconf 86' lang='grc' dir='ltr'><strong><em>τῶν</em></strong></span> <span class='ocrx_word' id='word_1_165' title='bbox 1005 2311 1043 2354; x_wconf 88' lang='grc' dir='ltr'><strong><em>τε</em></strong></span> <span class='ocrx_word' id='word_1_166' title='bbox 1059 2293 1161 2374; x_wconf 88' lang='grc' dir='ltr'><strong><em>βρον-</em></strong></span> 
     </span>
    </p>

    <p class='ocr_par' dir='ltr' id='par_1_20' title="bbox 163 2382 1160 2578">
     <span class='ocr_line' id='line_1_23' title="bbox 198 2382 1160 2474; baseline 0.005 -25"><span class='ocrx_word' id='word_1_167' title='bbox 198 2389 270 2452; x_wconf 87' lang='grc' dir='ltr'><strong><em>τῶν</em></strong></span> <span class='ocrx_word' id='word_1_168' title='bbox 295 2385 353 2452; x_wconf 79' lang='grc' dir='ltr'><strong><em>καί</em></strong></span> <span class='ocrx_word' id='word_1_169' title='bbox 379 2389 443 2452; x_wconf 80' lang='grc' dir='ltr'><strong><em>τού</em></strong></span> <span class='ocrx_word' id='word_1_170' title='bbox 469 2382 599 2474; x_wconf 81' lang='grc' dir='ltr'><strong><em>ὄμβρου</em></strong></span> <span class='ocrx_word' id='word_1_171' title='bbox 626 2385 958 2472; x_wconf 83' lang='grc' dir='ltr'><strong><em>ἀντιπαταγούντων.</em></strong></span> <span class='ocrx_word' id='word_1_172' title='bbox 1011 2388 1068 2454; x_wconf 80' lang='grc' dir='ltr'><strong><em>καὶ</em></strong></span> <span class='ocrx_word' id='word_1_173' title='bbox 1093 2391 1160 2454; x_wconf 83' lang='grc' dir='ltr'><strong><em>τῶν</em></strong></span> 
     </span>
     <span class='ocr_line' id='line_1_24' title="bbox 163 2482 1159 2578; baseline 0.008 -32"><span class='ocrx_word' id='word_1_174' title='bbox 163 2491 330 2553; x_wconf 74' lang='grc' dir='ltr'><strong><em>ιπλοίοιν</em></strong></span> <span class='ocrx_word' id='word_1_175' title='bbox 357 2483 396 2552; x_wconf 77' lang='grc' dir='ltr'><strong><em>δὲ</em></strong></span> <span class='ocrx_word' id='word_1_176' title='bbox 415 2482 456 2552; x_wconf 79' lang='grc' dir='ltr'><strong><em>τά</em></strong></span> <span class='ocrx_word' id='word_1_177' title='bbox 475 2485 583 2554; x_wconf 81' lang='grc' dir='ltr'><strong><em>πολλὰ</em></strong></span> <span class='ocrx_word' id='word_1_178' title='bbox 600 2483 695 2578; x_wconf 75' lang='grc' dir='ltr'><strong><em>αὐτῷ</em></strong></span> <span class='ocrx_word' id='word_1_179' title='bbox 713 2487 963 2574; x_wconf 78' lang='grc' dir='ltr'><strong><em>ξυντετμημένα</em></strong></span> <span class='ocrx_word' id='word_1_180' title='bbox 980 2485 1159 2574; x_wconf 86' lang='grc' dir='ltr'><strong><em>παρεκεκό-</em></strong></span> 
     </span>
    </p>

    <p class='ocr_par' dir='ltr' id='par_1_21' title="bbox 198 2578 1158 2674">
     <span class='ocr_line' id='line_1_25' title="bbox 198 2578 1158 2674; baseline 0.004 -22"><span class='ocrx_word' id='word_1_181' title='bbox 198 2605 296 2673; x_wconf 82' lang='grc' dir='ltr'><strong><em>μιστο</em></strong></span> <span class='ocrx_word' id='word_1_182' title='bbox 323 2587 357 2665; x_wconf 83' lang='grc' dir='ltr'><strong><em>ἐς</em></strong></span> <span class='ocrx_word' id='word_1_183' title='bbox 378 2585 439 2654; x_wconf 86' lang='grc' dir='ltr'><strong><em>τόν</em></strong></span> <span class='ocrx_word' id='word_1_184' title='bbox 457 2589 569 2674; x_wconf 87' lang='grc' dir='ltr'><strong><em>χῶρον</em></strong></span> <span class='ocrx_word' id='word_1_185' title='bbox 585 2590 709 2657; x_wconf 81' lang='grc' dir='ltr'><strong><em>τοῦτον</em></strong></span> <span class='ocrx_word' id='word_1_186' title='bbox 725 2588 782 2656; x_wconf 80' lang='grc' dir='ltr'><strong><em>καί</em></strong></span> <span class='ocrx_word' id='word_1_187' title='bbox 802 2586 943 2674; x_wconf 87' lang='grc' dir='ltr'><strong><em>ἀφανῶς</em></strong></span> <span class='ocrx_word' id='word_1_188' title='bbox 961 2578 1060 2667; x_wconf 86' lang='grc' dir='ltr'><strong><em>αὖθις</em></strong></span> <span class='ocrx_word' id='word_1_189' title='bbox 1078 2589 1158 2674; x_wconf 56' lang='grc' dir='ltr'><strong><em>ξυμ-Υ</em></strong></span> 
     </span>
    </p>

    <p class='ocr_par' dir='ltr' id='par_1_22' title="bbox 199 2684 1197 2778">
     <span class='ocr_line' id='line_1_26' title="bbox 199 2684 1197 2778; baseline 0 -24"><span class='ocrx_word' id='word_1_190' title='bbox 199 2687 397 2774; x_wconf 86' lang='grc' dir='ltr'><strong><em>πεπηγμένα</em></strong></span> <span class='ocrx_word' id='word_1_191' title='bbox 425 2689 461 2755; x_wconf 91' lang='grc' dir='ltr'><strong><em>ἐν</em></strong></span> <span class='ocrx_word' id='word_1_192' title='bbox 488 2693 531 2777; x_wconf 78' lang='grc' dir='ltr'><strong><em>τῇ</em></strong></span> <span class='ocrx_word' id='word_1_193' title='bbox 557 2687 623 2776; x_wconf 84' lang='grc' dir='ltr'><strong><em>ύλη</em></strong></span> <span class='ocrx_word' id='word_1_194' title='bbox 652 2688 847 2778; x_wconf 89' lang='grc' dir='ltr'><strong><em>ἐκρύπτετο,</em></strong></span> <span class='ocrx_word' id='word_1_195' title='bbox 873 2686 976 2755; x_wconf 86' lang='grc' dir='ltr'><strong><em>τότε</em></strong></span> <span class='ocrx_word' id='word_1_196' title='bbox 1002 2684 1087 2756; x_wconf 85' lang='grc' dir='ltr'><strong><em>ἀλλα</em></strong></span> <span class='ocrx_word' id='word_1_197' title='bbox 1104 2689 1197 2755; x_wconf 75' lang='grc' dir='ltr'><strong><em>καίεο</em></strong></span> 
     </span>
    </p>

    <p class='ocr_par' dir='ltr' id='par_1_23' title="bbox 199 2774 1186 2884">
     <span class='ocr_line' id='line_1_27' title="bbox 199 2774 1186 2884; baseline 0.001 -29"><span class='ocrx_word' id='word_1_198' title='bbox 199 2793 240 2856; x_wconf 90' lang='grc' dir='ltr'><strong><em>αί</em></strong></span> <span class='ocrx_word' id='word_1_199' title='bbox 261 2786 498 2876; x_wconf 89' lang='grc' dir='ltr'><strong><em>τριακόντοροι.</em></strong></span> <span class='ocrx_word' id='word_1_200' title='bbox 538 2787 608 2856; x_wconf 85' lang='grc' dir='ltr'><strong><em>ύπδ</em></strong></span> <span class='ocrx_word' id='word_1_201' title='bbox 635 2790 673 2857; x_wconf 68' lang='grc' dir='ltr'><strong><em>δὲ</em></strong></span> <span class='ocrx_word' id='word_1_202' title='bbox 698 2790 761 2876; x_wconf 79' lang='grc' dir='ltr'><strong><em>την</em></strong></span> <span class='ocrx_word' id='word_1_203' title='bbox 787 2790 831 2857; x_wconf 80' lang='grc' dir='ltr'><strong><em>ἕω</em></strong></span> <span class='ocrx_word' id='word_1_204' title='bbox 858 2774 878 2855; x_wconf 81' lang='grc' dir='ltr'><strong><em>ό</em></strong></span> <span class='ocrx_word' id='word_1_205' title='bbox 903 2814 938 2856; x_wconf 84' lang='grc' dir='ltr'><strong><em>τε</em></strong></span> <span class='ocrx_word' id='word_1_206' title='bbox 964 2786 1085 2876; x_wconf 78' lang='grc' dir='ltr'><strong><em>ἄνεμος</em></strong></span> <span class='ocrx_word' id='word_1_207' title='bbox 1105 2790 1156 2856; x_wconf 85' lang='grc' dir='ltr'><strong><em>καλ</em></strong></span> <span class='ocrx_word' id='word_1_208' title='bbox 1182 2875 1186 2884; x_wconf 25' lang='grc'>1</span> 
     </span>
    </p>

    <p class='ocr_par' dir='ltr' id='par_1_24' title="bbox 198 2884 1156 2980">
     <span class='ocr_line' id='line_1_28' title="bbox 198 2884 1156 2980; baseline 0 -24"><span class='ocrx_word' id='word_1_209' title='bbox 198 2884 218 2956; x_wconf 89' lang='grc' dir='ltr'><strong><em>ό</em></strong></span> <span class='ocrx_word' id='word_1_210' title='bbox 246 2887 369 2976; x_wconf 88' lang='grc' dir='ltr'><strong><em>όμβρος</em></strong></span> <span class='ocrx_word' id='word_1_211' title='bbox 387 2897 573 2976; x_wconf 89' lang='grc' dir='ltr'><strong><em>κεκοίμητο.</em></strong></span> <span class='ocrx_word' id='word_1_212' title='bbox 601 2892 660 2958; x_wconf 80' lang='grc' dir='ltr'><strong><em>καί</em></strong></span> <span class='ocrx_word' id='word_1_213' title='bbox 685 2889 707 2976; x_wconf 83' lang='grc' dir='ltr'><strong><em>ἡ</em></strong></span> <span class='ocrx_word' id='word_1_214' title='bbox 730 2889 793 2976; x_wconf 73' lang='grc' dir='ltr'><strong><em>μὲν</em></strong></span> <span class='ocrx_word' id='word_1_215' title='bbox 811 2887 896 2976; x_wconf 85' lang='grc' dir='ltr'><strong><em>ἀλλη</em></strong></span> <span class='ocrx_word' id='word_1_216' title='bbox 914 2888 1051 2976; x_wconf 83' lang='grc' dir='ltr'><strong><em>στρατιά</em></strong></span> <span class='ocrx_word' id='word_1_217' title='bbox 1070 2887 1156 2980; x_wconf 75' lang='grc' dir='ltr'><strong><em>αύτῷ</em></strong></span> 
     </span>
    </p>

    <p class='ocr_par' dir='ltr' id='par_1_25' title="bbox 197 2985 1289 3088">
     <span class='ocr_line' id='line_1_29' title="bbox 197 2985 1289 3088; baseline 0.002 -32"><span class='ocrx_word' id='word_1_218' title='bbox 197 2985 219 3074; x_wconf 77' lang='grc' dir='ltr'><strong><em>ἡ</em></strong></span> <span class='ocrx_word' id='word_1_219' title='bbox 255 2987 371 3075; x_wconf 78' lang='grc' dir='ltr'><strong><em>ίππικη</em></strong></span> <span class='ocrx_word' id='word_1_220' title='bbox 404 2995 474 3057; x_wconf 88' lang='grc' dir='ltr'><strong><em>τῶν</em></strong></span> <span class='ocrx_word' id='word_1_221' title='bbox 508 2991 683 3076; x_wconf 86' lang='grc' dir='ltr'><strong><em>διφθερῶν</em></strong></span> <span class='ocrx_word' id='word_1_222' title='bbox 716 2991 859 3076; x_wconf 76' lang='grc' dir='ltr'><strong><em>ἐπιβᾶσα</em></strong></span> <span class='ocrx_word' id='word_1_223' title='bbox 885 2991 942 3057; x_wconf 79' lang='grc' dir='ltr'><strong><em>καὶ</em></strong></span> <span class='ocrx_word' id='word_1_224' title='bbox 959 2986 1070 3070; x_wconf 78' lang='grc' dir='ltr'><strong><em>’ὅσους</em></strong></span> <span class='ocrx_word' id='word_1_225' title='bbox 1093 2994 1156 3058; x_wconf 85' lang='grc' dir='ltr'><strong><em>τῶν</em></strong></span> <span class='ocrx_word' id='word_1_226' title='bbox 1288 3013 1289 3088; x_wconf 61' lang='grc' dir='ltr'><strong><em>η</em></strong></span> 
     </span>
    </p>

    <p class='ocr_par' dir='ltr' id='par_1_26' title="bbox 198 3087 1152 3180">
     <span class='ocr_line' id='line_1_30' title="bbox 198 3087 1152 3180; baseline 0.003 -25"><span class='ocrx_word' id='word_1_227' title='bbox 198 3094 308 3169; x_wconf 82' lang='grc' dir='ltr'><strong><em>πεζῶν</em></strong></span> <span class='ocrx_word' id='word_1_228' title='bbox 333 3089 374 3155; x_wconf 86' lang='grc' dir='ltr'><strong><em>τά</em></strong></span> <span class='ocrx_word' id='word_1_229' title='bbox 400 3097 502 3158; x_wconf 78' lang='grc' dir='ltr'><strong><em>πλοῖα</em></strong></span> <span class='ocrx_word' id='word_1_230' title='bbox 523 3090 653 3173; x_wconf 80' lang='grc' dir='ltr'><strong><em>ἐδέχετο</em></strong></span> <span class='ocrx_word' id='word_1_231' title='bbox 678 3089 780 3177; x_wconf 80' lang='grc' dir='ltr'><strong><em>ἐπέρα</em></strong></span> <span class='ocrx_word' id='word_1_232' title='bbox 797 3089 881 3158; x_wconf 80' lang='grc' dir='ltr'><strong><em>κατὰ</em></strong></span> <span class='ocrx_word' id='word_1_233' title='bbox 898 3087 962 3177; x_wconf 81' lang='grc' dir='ltr'><strong><em>τὴν</em></strong></span> <span class='ocrx_word' id='word_1_234' title='bbox 978 3093 1094 3180; x_wconf 78' lang='grc' dir='ltr'><strong><em>νῆσον,</em></strong></span> <span class='ocrx_word' id='word_1_235' title='bbox 1114 3088 1152 3168; x_wconf 81' lang='grc' dir='ltr'><strong><em>ῶς</em></strong></span> 
     </span>
    </p>

    <p class='ocr_par' dir='ltr' id='par_1_27' title="bbox 196 3185 1187 3277">
     <span class='ocr_line' id='line_1_31' title="bbox 196 3185 1187 3277; baseline 0.003 -23"><span class='ocrx_word' id='word_1_236' title='bbox 196 3187 244 3277; x_wconf 83' lang='grc' dir='ltr'><strong><em>μὴ</em></strong></span> <span class='ocrx_word' id='word_1_237' title='bbox 264 3185 430 3275; x_wconf 72' lang='grc' dir='ltr'><strong><em>,πρόσθεν</em></strong></span> <span class='ocrx_word' id='word_1_238' title='bbox 462 3187 603 3272; x_wconf 80' lang='grc' dir='ltr'><strong><em>ὀφθεῖεν</em></strong></span> <span class='ocrx_word' id='word_1_239' title='bbox 636 3189 721 3277; x_wconf 85' lang='grc' dir='ltr'><strong><em>πρὸς</em></strong></span> <span class='ocrx_word' id='word_1_240' title='bbox 753 3193 822 3259; x_wconf 89' lang='grc' dir='ltr'><strong><em>τῶν</em></strong></span> <span class='ocrx_word' id='word_1_241' title='bbox 854 3191 991 3258; x_wconf 84' lang='grc' dir='ltr'><strong><em>σκοπῶν</em></strong></span> <span class='ocrx_word' id='word_1_242' title='bbox 1023 3197 1092 3260; x_wconf 89' lang='grc' dir='ltr'><strong><em>τῶν</em></strong></span> <span class='ocrx_word' id='word_1_243' title='bbox 1121 3194 1151 3260; x_wconf 84' lang='grc' dir='ltr'><strong><em>ἐκ</em></strong></span> <span class='ocrx_word' id='word_1_244' title='bbox 1163 3218 1187 3258; x_wconf 86' lang='grc' dir='ltr'><strong><em>ιο</em></strong></span> 
     </span>
    </p>

    <p class='ocr_par' dir='ltr' id='par_1_28' title="bbox 199 3286 1151 3380">
     <span class='ocr_line' id='line_1_32' title="bbox 199 3286 1151 3380; baseline 0 -20"><span class='ocrx_word' id='word_1_245' title='bbox 199 3286 326 3377; x_wconf 85' lang='grc' dir='ltr'><strong><em>Πῶρον</em></strong></span> <span class='ocrx_word' id='word_1_246' title='bbox 365 3287 630 3377; x_wconf 78' lang='grc' dir='ltr'><strong><em>καθεστηκότων</em></strong></span> <span class='ocrx_word' id='word_1_247' title='bbox 661 3290 743 3378; x_wconf 83' lang='grc' dir='ltr'><strong><em>πρὶν</em></strong></span> <span class='ocrx_word' id='word_1_248' title='bbox 783 3287 1063 3378; x_wconf 76' lang='grc' dir='ltr'><strong><em>παραλλάξαντας</em></strong></span> <span class='ocrx_word' id='word_1_249' title='bbox 1098 3291 1151 3380; x_wconf 79' lang='grc' dir='ltr'><strong><em>την</em></strong></span> 
     </span>
    </p>

    <p class='ocr_par' dir='ltr' id='par_1_29' title="bbox 196 3385 906 3477">
     <span class='ocr_line' id='line_1_33' title="bbox 196 3385 906 3477; baseline -0.003 -19"><span class='ocrx_word' id='word_1_250' title='bbox 196 3394 304 3476; x_wconf 79' lang='grc' dir='ltr'><strong><em>νῆσον</em></strong></span> <span class='ocrx_word' id='word_1_251' title='bbox 330 3385 448 3472; x_wconf 89' lang='grc' dir='ltr'><strong><em>ὀλίγον</em></strong></span> <span class='ocrx_word' id='word_1_252' title='bbox 475 3395 522 3458; x_wconf 70' lang='grc' dir='ltr'><strong><em>ἔτι</em></strong></span> <span class='ocrx_word' id='word_1_253' title='bbox 547 3385 684 3476; x_wconf 80' lang='grc' dir='ltr'><strong><em>ἀπέχειν</em></strong></span> <span class='ocrx_word' id='word_1_254' title='bbox 709 3393 767 3476; x_wconf 81' lang='grc' dir='ltr'><strong><em>τῆς</em></strong></span> <span class='ocrx_word' id='word_1_255' title='bbox 793 3387 906 3477; x_wconf 79' lang='grc' dir='ltr'><strong><em>ὄχθης.</em></strong></span> 
     </span>
    </p>
   </div>
   <div class='ocr_carea' id='block_1_4' title="bbox 0 0 1320 3922">
    <p class='ocr_par' dir='ltr' id='par_1_30' title="bbox 0 0 1320 3922">
     <span class='ocr_line' id='line_1_34' title="bbox 0 0 1320 3922; baseline 0 2"><span class='ocrx_word' id='word_1_256' title='bbox 0 0 1320 3922; x_wconf 95' lang='lat' dir='ltr'><strong><em> </em></strong></span> 
     </span>
    </p>
   </div>
  </div>
 </body>
</html>
