2620 3924
193 132 252 200 152
541 136 795 192 εεεΞεαΔεοε

191 291 555 382 περιστρατοπεδεύσας
592 268 811 378 Ἀλέξανδρος
858 287 1017 378 ἡμέραν
1059 297 1160 378 μίαν

194 393 418 484 ἐφρούρησεν·
477 397 514 462 οί
556 390 594 460 δέ
636 393 754 502 ,ἐνδείᾳ
791 389 914 472 ὕδατος
954 387 1161 482 ἐνεχείρισαν

193 499 281 581 σφᾶς
305 492 525 585 Ἀλεξάνδρῳ.

159 617 174 665 5
274 593 342 682 Τὴν
360 596 397 662 δὲ
416 593 561 680 ἑβδόμην
572 591 676 661 πόλιν
695 593 728 673 ἐξ
747 591 873 679 ἐφόδου
893 597 1001 681 ἔλαβε,
1029 601 1158 662 Πτολε-

192 709 289 781 μαῖος
302 694 364 782 μὲν
382 696 470 780 λέγει
487 693 537 762 ὅτι
555 690 681 772 αύτούς
700 697 788 780 σφᾶς
807 689 982 773 ἐνδόντας·
1008 689 1187 779 Ἀριστό-ις

107 794 115 805 “
192 803 313 883 βουλος
340 794 379 863 δὲ
403 793 451 864 ὅτι
474 800 532 883 βίη
550 795 608 862 καὶ
625 792 751 880 ταύτην
770 793 872 874 ἐξεῖλε
889 795 946 862 καὶ
964 791 1014 862 ὅτι
1031 793 1159 873 πάντας

192 895 271 975 τούς
285 896 561 983 καταληφθέντας
580 896 616 962 ἐν
633 891 721 982 αὕτη
742 891 922 962 ἀπέκτεινε.
951 903 1158 981 Πτολεμαῖος

193 996 232 1064 δὲ
272 1010 466 1082 κατανεῖμαι
501 995 588 1080 λέγει
623 991 728 1062 αὐτὸν
762 994 841 1073 τούς
875 991 1081 1083 ἀνθρώπους
1115 998 1157 1082 τῇ

193 1102 329 1186 στρατιᾷ
356 1097 413 1164 καὶ
431 1096 631 1182 δεδεμένους
649 1097 805 1163 κελεῦσαι
830 1093 1060 1181 φυλάττεσθαι
1087 1093 1156 1164 ἐστ’

192 1193 236 1265 ἀν
264 1200 299 1266 ἐκ
324 1202 383 1284 τῆς
409 1195 519 1297 χώρας
546 1193 790 1282 ἀπαλλάττηται
814 1191 930 1282 αύτός,
959 1194 1003 1276 ως
1029 1196 1158 1284 μηδένα
1172 1231 1200 1270 1⁰

193 1295 435 1367 ἀπολείπεσθαι
459 1299 527 1366 τῶν
553 1297 616 1383 τὴν
643 1293 827 1364 ἀπόστασιν
854 1295 1062 1382 πραξάντων.

159 1423 174 1470 ο
266 1395 320 1468 Ἐν
352 1397 461 1490 τούτῳ
488 1396 526 1465 δέ
556 1401 625 1466 τῶν
658 1423 694 1464 τε
721 1398 757 1464 ἐκ
783 1399 841 1482 τῆς
865 1395 976 1476 Ἀσίας
1005 1403 1159 1466 Σκυθιόν

192 1498 326 1585 στρατιά
360 1493 548 1585 ἀφικνεῖται
580 1495 664 1584 πρός
696 1496 754 1576 τὰς
787 1491 892 1584 ὄχθας
917 1502 979 1566 τού
1006 1501 1157 1586 ποταμοῦ

191 1605 252 1668 τοῦ
285 1598 465 1685 Τανάϊδος,
500 1595 707 1676 ἀκούσαντες
739 1602 776 1666 οἱ
809 1597 927 1666 πολλοὶ
961 1593 1076 1668 αύτῶν
1108 1597 1159 1668 ὅτι

192 1706 282 1768 ἐστιν
307 1707 343 1768 οἳ
358 1700 414 1768 καὶ
439 1703 508 1767 τοῖν
527 1695 581 1767 ἐπ’
602 1701 713 1766 ἐκεῖνα
730 1703 791 1766 τοῦ
808 1703 960 1786 ποταμοῦ
976 1699 1157 1788 βαρβάρων
1171 1732 1198 1773 15

190 1795 250 1868 ἀπ’
286 1795 506 1888 Ἀλεξάνδρου
538 1797 739 1886 ἀφεστᾶσιν,
775 1796 819 1878 ὥς
851 1803 884 1867 τί
915 1797 957 1886 δή
991 1827 1022 1868 τι
1053 1800 1157 1885 λόγου

192 1899 389 1982 ἀντάξιον
422 1907 660 1987 νεωτερίζοιτο,
694 1900 751 1967 καὶ
788 1895 886 1968 αὐτοὶ
920 1899 1158 1986 ἐπιθησόμενοι

190 2017 261 2081 τοῖς
282 2001 465 2071 Μακεδόσι.
505 2005 562 2070 καὶ
589 2005 624 2068 οί
647 1997 734 2086 ἀμφὶ
755 2000 971 2088 Σπιταμένην
991 2000 1029 2069 δέ
1048 1998 1158 2089 ἀπηχ·

191 2103 363 2190 χέλθησαν
382 2101 434 2170 ὅτι
455 2099 535 2180 τούς
559 2103 595 2168 ἐν
615 2098 855 2187 Μαρακάνδοις
875 2101 1157 2188 καταλειφθέντας

158 2204 230 2274 τέν
262 2206 302 2290 τῇ
338 2199 424 2291 ἀκρμ
456 2206 703 2287 πολιορκοῦσιν.
756 2205 842 2272 ἔνθα
874 2199 916 2288 δὴ
940 2197 1156 2291 Ἀλέξανδρος
1170 2237 1196 2276 το

192 2302 247 2370 ἐπὶ
276 2301 339 2388 μὲν
378 2300 458 2381 τούς
493 2299 579 2388 ἀμφὶ
611 2302 825 2390 Σπιταμένην
856 2299 1086 2392 Ἀνδρόμαχόν
1121 2330 1157 2372 τε

71 2483 77 2494 ι
191 2400 386 2470 ἀποστέλλει
418 2401 474 2470 καί
509 2403 712 2490 Μενέδημον
737 2403 794 2470 καί
821 2401 1000 2491 Κάρανον,
1037 2404 1157 2484 ἱππέας

190 2505 252 2588 μέν
292 2507 428 2590 ἔχοντας
462 2507 531 2571 τῶν
565 2504 706 2589 ἑταίρων
738 2505 772 2582 ές
808 2501 967 2590 ἐξήκοντα
1001 2504 1157 2573 καὶτῶν

189 2603 410 2692 μισθοφόρων
452 2599 688 2689 ὀκτακοσίους,
744 2595 793 2671 οἷν
831 2600 988 2692 Κάρανος
1032 2602 1155 2693 ἡχείτο,

189 2701 307 2786 πεζούς
339 2703 378 2774 δέ
408 2703 640 2794 μισθοφόρους
674 2706 707 2784 ἐς
739 2707 869 2791 χιλίους
900 2714 1155 2787 πεντακοσίους
1171 2738 1197 2779 τε
1266 2693 1271 2704 ’

187 2802 356 2873 ’ἐπιτάσσει
389 2803 428 2873 δέ
461 2801 578 2886 αὐτοῖς
609 2803 815 2892 ΙΦαρνούχην
840 2803 901 2875 τόν
928 2808 1086 2894 ἑρμηνέα,
1119 2806 1156 2875 τό

189 2904 251 2992 μέν
282 2907 381 2992 γένος
414 2904 539 2975 Λύκων
575 2904 635 2973 τόν
670 2905 891 2994 Φαρνούχην,
927 2909 1091 2996 ἐμπείρως
1118 2907 1156 2976 δὲ

188 3011 247 3090 τῆς
279 3034 314 3076 τε
346 3009 461 3094 φωνῆς
492 3010 561 3074 τοῖν
592 3005 695 3094 ταύτη
730 3007 913 3096 βαρβάρων
949 3014 1065 3094 ἔχοντα
1100 3009 1157 3076 καὶ

188 3105 229 3173 τά
256 3105 341 3175 ἀλλα
368 3105 521 3194 ὁμιλῆσαι
546 3103 662 3184 αὐτοῖς
689 3105 800 3206 δεξιόν
825 3107 1038 3196 φαινόμενον.

58 3287 61 3292 Ι
151 3207 173 3268 4
266 3205 379 3286 Αύτός
412 3206 450 3274 δὲ
481 3205 543 3293 τὴν
575 3204 672 3274 πόλιν
703 3203 746 3293 ἣν
781 3207 911 3276 ἐπενόει
942 3217 1085 3296 τειχίσας
1120 3212 1198 3282 ένοο

188 3306 325 3396 ἡμέραις
364 3316 469 3376 είκοσι
501 3306 557 3374 καὶ
589 3307 779 3388 ξυνοικίσας
813 3311 846 3388 ές
879 3307 987 3396 αὐτὴν
1018 3315 1087 3380 τῶν
1121 3337 1157 3379 τε

185 3404 361 3496 Ἑλλήνων
378 3406 598 3499 μισθοφόρων
615 3409 671 3476 καὶ
689 3407 779 3488 ὅστις
796 3412 864 3478 τῶν
887 3410 1157 3500 προσοικούντων
