2632 3922
478 159 664 252 εΝεΒεΣιΣ
682 201 707 264 5,
726 203 768 252 τε.
1042 199 1105 265 231

140 357 197 428 καὶ
231 361 264 426 εί
293 357 337 444 δή
371 383 446 425 τινα
472 356 557 445 πρὸς
583 371 657 437 ταῖς
684 355 801 442 όχθαις
828 359 889 426 τοῦ
913 355 1106 445 Ὑδραώτου
1152 433 1154 438 ¹

141 461 295 544 ποταμοῦ
322 455 493 544 αὐτόνομα
513 462 597 544 ἔθνη
613 456 733 526 Ἰνδῶν
751 459 895 544 νέμεται,
923 460 1107 528 καὶταῦτα

140 559 440 646 προσαγαγόμενον
459 564 512 648 ιβ’
521 557 634 650 Πώρῳ
653 556 767 644 ἄρχειν
785 563 973 646 ἐγχειρίσαι.
1001 555 1140 640 αῦτόςθ

140 659 178 727 δὲ
205 659 307 748 ἐπέρα
324 657 385 726 τόν
408 658 598 748 Ὑδραώτην
619 660 781 748 ποταμόν,
808 659 848 726 οῦ
874 661 1028 748 καθάπερ
1046 661 1107 728 τὸν

112 757 314 845 εἈκεσίνην
328 763 488 846 χαλεπῶς.
517 765 750 849 προχωροῦντι
764 760 801 828 δὲ
816 756 909 850 αὐτῷ
926 759 976 829 ἐπ’
995 764 1108 830 ἐκεῖνα

139 863 199 947 τῆς
226 859 331 948 ὄχθης
357 866 418 929 τοῦ
433 860 622 948 Ὑδραώτου
649 859 729 940 τοῦς
755 861 817 948 μὲν
844 861 991 941 πολλοῦς
1018 861 1104 930 καθ’

139 957 325 1048 ὁμολογίαν
358 977 567 1049 προσχωρεῖν
601 962 812 1050 ξυνέβαινεν,
844 959 907 1048 ἤδη
942 963 983 1030 δέ
1013 989 1107 1042 τινας

140 1060 205 1142 ξῦν
231 1061 346 1141 ὅπλοις
372 1061 643 1149 ἀπαντήσαντας·
690 1062 771 1142 τοῦς
797 1061 836 1132 δέ
862 1064 920 1130 καὶ
946 1062 1123 1151 ῦποφεῦ-,

141 1189 262 1248 γοντας
290 1163 378 1232 ἑλῶν
404 1170 464 1252 βίᾳ
491 1164 746 1252 κατεστρέψατο.

92 1265 125 1336 ἰο
212 1261 267 1333 Ἐν
305 1262 414 1355 τούτῳ
455 1262 493 1332 δὲ
534 1263 763 1350 ἐξαγγέλλεται
791 1262 1003 1356 Ἀλεξάνδρῳ
1035 1267 1103 1332 τῶν
1114 1271 1159 1336 22

141 1361 340 1452 αὐτονόμων
354 1363 472 1433 Ἰνδῶν
490 1363 617 1446 ἄλλους
642 1367 681 1433 τέ
696 1390 788 1445 τινας
806 1365 862 1432 καὶ
880 1365 960 1445 τούς
979 1373 1106 1434 καλου-

139 1467 264 1552 μένους
296 1473 475 1544 Καθαίους
503 1464 631 1545 αῦτοός
656 1493 692 1534 τε
719 1467 1031 1554 παρασκευάζεσθαι
1058 1464 1107 1546 ῶς

140 1567 175 1644 ές
192 1563 314 1654 μάχην,
334 1573 367 1636 εί
383 1562 547 1652 προσάγοι
564 1569 606 1654 τῇ
626 1566 720 1656 χώρᾳ
738 1567 855 1662 αὐτῶν
872 1567 1107 1654 Ἀλέξανδρος,
1129 1627 1134 1644 ,
1215 1581 1217 1586 ’

140 1669 196 1734 καὶ
215 1661 277 1736 ὅσα
292 1663 400 1757 ὅμορά
418 1688 534 1755 σφισιν
549 1665 708 1746 ῶσαότως
727 1667 910 1756 αὐτόνομα,
929 1671 1106 1736 καὶταῦτα

100 1793 127 1836 15
141 1775 348 1856 παρακαλεῖν
382 1771 415 1848 ἐς
448 1768 485 1836 τό
516 1775 631 1856 ἔργον·
677 1767 763 1836 εἶναι
789 1767 827 1836 δὲ
853 1769 915 1856 τήν
942 1795 978 1838 τε
1005 1767 1140 1837 πόλινε

139 1867 272 1958 ὀχυράν
298 1866 382 1958 πρὸς
408 1859 431 1956 ᾗ
460 1868 624 1938 ἐπενόουν
651 1865 904 1954 ἀγωνίσασθαι,
942 1867 1107 1955 Σάγγαλα
1215 1919 1219 1927 -

140 1961 182 2056 ἦν
208 1975 249 2058 τῇ
278 1969 371 2038 πόλει
397 1967 517 2056 ὄνομα,
544 1969 601 2036 καὶ
627 1967 725 2038 αὐτοὶ
752 1973 788 2037 οί
810 1977 959 2038 Καθαῖοι
985 1967 1107 2038 εῦτολ-

140 2070 281 2158 μότατοί
289 2097 331 2139 τε
347 2070 458 2138 καὶτὰ
474 2073 614 2158 πολέμια
627 2069 795 2159 κράτιστοι
815 2072 1022 2156 ἐνομίζοντο·
1049 2070 1108 2138 καὶ

139 2173 271 2250 τούτοις
285 2170 422 2240 κατὰτὰ
441 2170 526 2240 αὐτά
537 2171 738 2261 Ὀξυδράκαι
756 2169 838 2239 άλλο
853 2170 972 2240 Ἰνδῶν
992 2177 1106 2258 ἔθνος,

99 2301 126 2340 ω
140 2273 196 2340 καὶ
210 2278 359 2358 Μαλλοί,
373 2271 456 2342 ἄλλο
469 2274 526 2342 καί
540 2275 655 2342 τοῦτο·
676 2273 748 2341 ἐπεὶ
762 2273 818 2340 καὶ
834 2271 939 2364 ὀλίγῳ
954 2272 1107 2360 πρόσθεν
1144 2333 1153 2348 ,

141 2373 409 2462 στρατεύσαντας
429 2372 482 2442 ἐπ’
511 2371 637 2454 αὐτοῦς
656 2373 782 2462 Πῶρόν
799 2399 836 2441 τε
854 2375 911 2442 καὶ
926 2372 1107 2462 Ἀβισάρην

140 2475 203 2554 ξῦν
229 2499 265 2542 τε
290 2479 331 2562 τῇ
360 2477 505 2566 σφετέρᾳ
533 2473 674 2562 δυνάμει
699 2476 757 2542 καὶ
784 2473 892 2542 πολλά
916 2473 1002 2542 ἄλλα
1021 2479 1106 2563 ἔθνη

140 2579 210 2642 τῶν
236 2573 436 2662 αὐτονόμων
459 2575 577 2645 Ἰνδῶν
594 2569 858 2663 ’ἀναστήσαντας
885 2573 988 2644 οῦδὲν
1016 2574 1107 2664 πρά-

141 2675 262 2754 ξαντας
288 2679 346 2761 τῆς
373 2679 585 2762 παρασκευῆς
612 2671 706 2756 άξιον
733 2677 858 2764 ξυνέβη
886 2675 1059 2744 άπελθεῖν.

102 2809 127 2848 ω
223 2774 332 2844 Ταῦθ’
382 2775 425 2856 ῶς
473 2775 656 2864 ἐξηγγέλθη
691 2775 921 2868 Ἀλεξάνδρῳ,
969 2779 1140 2864 σπουδῇ3

140 2873 290 2962 ἤλαυνεν
317 2874 362 2956 ῶς
390 2878 446 2946 ἐπὶ
479 2877 560 2956 τοῦς
587 2883 774 2955 Καθαίους.
818 2879 877 2944 καὶ
909 2881 1104 2964 δευτεραῖος

141 2973 207 3045 άπὸ
250 2979 312 3046 τοῦ
353 2981 504 3065 ποταμοῦ
547 2981 608 3046 τοῦ
648 2975 838 3068 Ὑδραώτου
883 2977 966 3067 πρὸς
1007 2979 1108 3047 πόλιν

139 3069 221 3165 ἧκεν
246 3068 270 3167 ᾖ
297 3076 404 3166 ὄνομα
432 3086 635 3168 Πίμπραμα·
662 3080 699 3148 τὸ
728 3077 762 3146 δ’
785 3084 886 3159 ἔθνος
913 3083 1012 3147 τοῦτο
1036 3081 1107 3147 τῶν

136 3177 255 3248 Ἰνδῶν
279 3179 474 3269 Ἀδραϊσταὶ
503 3182 694 3249 ἐκαλοῦντο.
728 3171 821 3248 οὗτοι
838 3179 901 3267 μὲν
919 3177 962 3265 δὴ
980 3201 1103 3268 προσε-
1122 3195 1141 3244 4

101 3279 297 3368 ηχῶρησαν
337 3279 499 3371 ὁμολογία
534 3279 751 3373 Ἀλεξάνδρῳ.
792 3279 1106 3370 καὶ*Ἀλε’ξανδρος

142 3379 341 3463 άναπαόσας
374 3387 416 3472 τῇ
449 3381 613 3476 ῦσίεραίρι
647 3383 709 3468 τὴν
743 3383 903 3471 στρατιάν
936 3389 979 3470 τῇ
1007 3390 1106 3470 τρίτη

141 3480 333 3573 προύχώρει
367 3485 423 3574 ἐπί
455 3483 497 3552 τά
526 3483 700 3570 Σάγγαλα,
736 3488 793 3552 ἵνα
827 3488 862 3551 ολ
886 3491 1042 3552 Καθαῖοί
1070 3509 1106 3550 τε
