2632 3922
202 171 272 242 250
556 169 813 234 εΛεΞΑαΔΡοΤ

205 331 324 420 λήλαις
350 327 456 414 αύτάς
480 359 517 402 τε
534 335 768 421 διαφθαρῆναι
788 333 845 402 καὶ
862 337 932 401 ταῖν
959 330 1190 420 ἐμπλεόντων

208 437 248 503 ἐν
275 429 395 514 αύταῑς
421 433 579 513 πολλούς.
624 433 670 514 οἷς
696 433 735 502 δέ
753 436 787 514 ἐς
805 433 930 512 πλάτος
945 431 1011 520 ἤδη
1028 426 1046 499 δ
1065 457 1187 500 ποτα-

208 534 271 622 μδς
289 535 434 622 διέσχεν,
460 535 613 602 ἐνταῦθα
630 532 673 620 δὴ
691 531 763 602 ὅτε
781 537 863 622 βοῦς
881 531 993 602 ούκέτι
1010 525 1185 612 ὡσαύτως

211 636 356 721 χαλεπὸς
388 625 515 720 ἦνκαὶ
541 638 580 704 αί
604 637 697 703 δῖναι
721 631 786 722 ούχ
812 632 912 724 ὁμοία
936 637 980 722 τῇ
1006 639 1066 723 βίη
1093 633 1182 700 ἐπέ·

170 748 192 797 4
211 755 368 823 στρεφου.
403 741 632 823 προσορμίσας
658 726 723 803 ούν
739 735 781 824 τῇ
811 736 848 804 έν
865 733 957 825 δεξιᾷ
974 730 1062 822 ὄχθη
1075 729 1211 802 'AM—⁵

210 833 353 923 ξανδρος
384 833 446 902 τδυ
480 833 636 923 στρατόν,
669 839 727 904 ἰ’να
758 833 864 921 σκέπη
889 859 926 904 τε
949 825 993 920 ἦν
1019 835 1080 901 τού
1108 835 1183 922 ῥοῦ

210 937 267 1003 καί
297 933 469 1024 προσβολὴ
501 949 575 1014 ταῖς
607 937 712 1004 ναυσὶ
744 934 800 1004 καὶ
832 961 881 1015 τις
913 934 970 1003 καὶ
995 929 1080 1023 άιιρα
1110 935 1181 1001 τού

210 1040 364 1122 ποταμοῦ
398 1037 592 1122 ἐπιτηδείως
625 1033 760 1124 ἀνεῖχεν
787 1038 820 1116 ές
844 1039 914 1103 τῶν
939 1042 1115 1120 ναυαγίων
1139 1059 1182 1102 τε

206 1133 272 1222 τὴν
298 1134 502 1223 ξυναγωγὴν
526 1137 583 1204 καὶ
609 1144 645 1204 εί
664 1161 752 1216 τινες
770 1134 823 1205 ἐπ’
852 1133 968 1204 αύτύν
989 1139 1108 1218 ζῶντες
1127 1139 1181 1202 ἔτι

210 1237 385 1325 ἐφέροντο,
411 1236 555 1317 τούτους
581 1261 616 1305 τε
641 1237 779 1306 διέσωσε
801 1237 860 1304 καὶ
878 1233 1097 1314 ἐπισκευάσας
1114 1231 1179 1314 τάς
1193 1260 1219 1300 ιο

206 1344 441 1424 πεπονηκυίας
472 1339 542 1406 τῶν
573 1337 680 1426 υεῶν,
713 1339 867 1426 Νέαρχον
897 1335 961 1424 μέν
992 1343 1180 1404 καταπλεῖν

208 1437 338 1506 κελεύει
363 1435 431 1506 ἔστ’
460 1432 504 1506 ἂν
530 1435 691 1524 άφίκηται
716 1440 772 1508 ἐπὶ
788 1435 830 1506 τά
848 1434 923 1526 ὅρια
940 1438 1002 1505 τού
1021 1437 1179 1508 Μαλλῶν

213 1543 353 1617 ἔθνους·
393 1533 498 1615 αύτδς
516 1536 556 1604 δέ
580 1541 649 1606 τῶν
675 1537 857 1627 βαρβάρων
873 1541 942 1606 τῶν
960 1535 1001 1605 οὐ
1019 1557 1177 1622 προσχω-

212 1635 366 1723 ρούντων
397 1635 612 1726 καταδρομὴν
644 1644 703 1726 τῆς
734 1639 847 1728 χώρας
872 1637 1091 1725 ποιησάμενος
1117 1635 1177 1703 καὶ

214 1736 370 1817 κωλύσας
397 1737 616 1826 ἐπικουρῆσαι
641 1737 769 1818 αύτούς
794 1733 864 1819 τὀλς
891 1745 1059 1823 Μαλλοίς,
1085 1733 1176 1804 οὕτω
1189 1761 1216 1827 ιε

213 1838 255 1926 δὴ
282 1830 384 1918 αὖθις
411 1838 563 1927 ξυνέμιξε
587 1845 635 1931 τῷ
660 1844 819 1932 ναυτικῷ.

172 1951 194 2001 ὅ
290 1940 359 2009 Καὶ
378 1939 527 2008 ἐνταῦθα
541 1939 747 2027 Ἡφαιστίων
764 1967 800 2008 τε
818 1938 909 2032 αύτῷ
931 1938 987 2007 καὶ
1006 1935 1176 2024 Κράτερος

212 2041 270 2109 καὶ
290 2047 456 2118 Φίλιππος
476 2038 540 2119 ξύν
557 2054 627 2119 τοῖς
644 2039 730 2130 ἄμφ’
750 2039 876 2120 αύτούς
894 2033 981 2127 ὁμού
998 2035 1061 2126 ἤδη
1078 2029 1174 2124 ἦσαν.

213 2139 289 2209 δδέ
314 2137 395 2218 τούς
421 2139 483 2226 μὲν
511 2140 694 2226 ἐλέφαντας
720 2141 859 2229 καλιὴν
877 2139 1176 2226 Πολυσπέρχοντος

211 2239 305 2320 τάξιν
330 2239 389 2306 καὶ
414 2238 493 2318 τούς
518 2240 736 2322 ἱπποτοξότας
761 2243 819 2310 καὶ
847 2245 1016 2310 Φίλιππον
1042 2239 1105 2318 ξύν
1130 2241 1173 2326 τῇ
1186 2267 1213 2306 εο

211 2335 295 2428 ἄμφ’
317 2332 426 2408 αύτδν
444 2341 582 2429 στρατιᾷ
599 2342 794 2430 διαβιβάσας
810 2341 872 2409 τὸν
885 2337 1054 2428 Ὑδάσπην
1071 2363 1172 2407 ποτα-

212 2443 278 2527 μδν
310 2438 473 2532 Κρατέρῳ
505 2437 599 2525 άγειν
631 2443 828 2531 προσέταξε·
857 2441 1013 2530 Νέαρχον
1045 2439 1083 2508 δέ
1115 2439 1175 2520 ξύν
1219 2477 1223 2484 ·

212 2545 261 2632 τῷ
293 2543 442 2629 ναυτικῷ
468 2539 606 2630 πέμπει,
633 2545 744 2630 τρισὶν
769 2540 905 2629 ἡμέραις
930 2541 994 2625 τὴν
1019 2538 1176 2627 στρατιάν

174 2636 374 2720 σκελεύσας
400 2638 547 2726 φθάνειν
572 2641 656 2712 κατά
681 2642 753 2712 τὸν.
768 2645 888 2710 πλοῦν.
932 2641 994 2709 τὸν
1018 2639 1056 2708 δέ
1073 2639 1175 2707 ἄλλον

213 2737 357 2832 στρατδν
373 2742 467 2830 τριχῆ
491 2741 646 2831 διένειμε·
682 2746 740 2812 καὶ
754 2741 982 2831 Ἡφαιστίωνα
999 2739 1061 2829 μέν
1078 2741 1174 2808 πέντε
1185 2765 1211 2806 ει

211 2841 349 2930 ἡμέραις
382 2841 535 2930 προϊέναι
565 2845 698 2931 ἔταξεν,
742 2841 788 2923 ὥς
820 2853 856 2912 εἴ
882 2869 974 2923 τινες
1000 2842 1081 2920 τούς
1113 2840 1174 2920 ξύν

210 2941 309 3035 αύτῷ
341 2941 564 3030 τεταγμένους
591 2943 775 3030 φεύγοντες
813 2945 846 3022 ἐς
880 2943 917 3012 τὸ
949 2941 1065 3031 πρόσω
1092 2941 1173 3008 κατὰ

177 3081 178 3084 ¹
212 3041 368 3130 σπουδὴν
391 3052 487 3130 ίοιεν,
513 3057 583 3121 τοίς
610 3041 695 3131 ἄμφ’
713 3043 940 3132 Ἡφαιστίωνα
959 3044 1173 3129 ἐμπίπτοντες

209 3137 428 3212 άλίσκωαται·
469 3150 682 3230 Πτολεμαίου
708 3145 746 3214 δέ
772 3145 832 3212 τὸν
859 3141 989 3228 Λάγου,
1012 3141 1094 3221 δούς
1119 3139 1173 3208 καὶ

209 3244 321 3333 τούτῳ
347 3247 406 3330 τῆς
434 3247 589 3329 στρατιάς
607 3245 719 3333 μέρος,
745 3246 855 3333 τρισὶν
880 3241 1019 3332 ἡμέραις
1036 3240 1166 3309 ύπολει·
1183 3267 1208 3308 ιο

209 3343 360 3429 πύμευον
393 3344 534 3411 ἕπεσθαι
569 3345 762 3430 ἐκέλευσεν,
796 3343 842 3422 οἱς
869 3341 940 3411 ὅσοι
965 3341 1002 3410 τδ
1034 3347 1172 3428 ἔμπαλιν

206 3441 457 3529 ὑποστρέφοιεν
482 3439 589 3511 αύτδν
615 3443 813 3530 φεύγοντες,
839 3433 932 3510 οὗτοι
958 3439 997 3509 δέ
1022 3447 1072 3519 είς
1097 3438 1172 3519 τούς
