2546 3920
403 189 588 241 καλειται
606 192 630 254 τ,
648 192 690 246 ετ.
708 192 749 242 τε.
851 165 854 172 ’
997 187 1060 254 331

88 345 289 433 ἀναγράψαι
314 341 365 414 ότι
390 341 595 432 αἰσθόμενος
613 343 654 414 ού
673 346 835 434 βιώσιμον
853 343 935 416 ὄντα
953 345 1061 416 αύτόν

85 445 308 535 Ἀλέξανδρος
328 449 361 526 ἐς
379 444 441 515 τόν
456 443 643 535 Εὐφράτην
657 445 809 535 ποταμόν
823 443 877 537 ᾔει
892 451 1060 536 ἐμβαλών,

90 545 138 627 ώς
165 544 299 634 ἀφανὴς
318 548 349 629 ἐξ
376 544 571 634 ἀνθρώπων
587 547 768 634 γενόμενος
786 550 983 638 πιστοτέραν
999 552 1060 636 τὴν

90 647 198 729 δόξαν
225 647 317 735 παρὰ
343 660 414 726 τοῖς
442 652 555 716 ἔπειτα
583 651 817 732 ἐγκαταλείποι
843 645 894 717 ότι
921 652 957 720 ἐκ
973 653 1060 718 θεοό

40 773 61 815 τ
90 773 128 816 τε
154 745 247 839 αύτῷ
274 747 295 836 ἡ
321 749 449 833 γένεσις
475 748 599 836 ξυνέβη
625 749 682 817 καὶ
701 746 792 838 παρά
809 747 953 830 θεούς’
932 777 953 837 η
973 747 1060 818 ἀτο-
1097 764 1101 769 ’

91 847 248 936 χώρησις.
303 847 467 935 Ῥωξάνην
503 847 541 916 δὲ
575 846 638 936 τὴν
678 864 827 936 γυναῖκα
860 847 902 918 ού
939 857 1060 920 λαθεῖν

58 945 243 1034 ἐξιόντα,
279 946 365 1017 ἀλλά
397 947 597 1038 εἰργόμενον
628 948 695 1035 γάρ
721 949 807 1037 πρὸς
834 949 941 1038 αύτῆς
968 951 1059 1019 ἐτοι·

91 1048 250 1135 μώξαντα
276 1055 386 1118 εἰπεῖν
412 1047 462 1118 ότι
479 1047 710 1138 ἐφθόνησεν”
688 1077 754 1139 αρα
771 1047 865 1142 αύτφ
853 1051 1041 1139 δόξης
1001 1078 1059 1137 της

93 1149 169 1230 ἐς“
146 1175 250 1235 αταν,
269 1147 315 1230 ώς
340 1155 412 1241 θεῷ
439 1147 483 1237 δὴ
508 1152 730 1242 γεγενημένῳ.
775 1152 832 1220 καὶ
858 1157 966 1220 ταῦτα
984 1152 1058 1237 ἐμοὶ
1085 1219 1097 1236 ,

46 1278 78 1317 ιο
93 1249 140 1330 ώς
157 1249 203 1338 μὴ
229 1247 369 1337 ἀγνοεῖν
396 1249 527 1337 δόξαιμι
551 1251 682 1338 μᾶλλον
708 1249 759 1319 ὅτι
784 1250 949 1340 λεγόμενά
968 1254 1058 1321 ἐστιν

91 1348 114 1438 ἢ
142 1350 188 1429 ώς
214 1349 313 1419 πιστά
341 1353 374 1431 ἐς
401 1348 571 1438 ἀφήγησιν
596 1349 859 1441 ἀναγεγράφθω.

166 1450 338 1522 Ἐτελεύτα
370 1450 433 1538 μὲν
459 1451 500 1537 δὴ
524 1450 740 1540 Ἀλέξανδρος
765 1457 807 1541 τῇ
833 1452 974 1542 τετάρτη
1000 1455 1110 1526 καὶ28

93 1551 217 1641 δεκάτη
236 1553 293 1620 καὶ
321 1553 483 1642 ἑκατοστῇ
507 1549 707 1639 Ὀλυμπιάδι
733 1554 789 1621 ἐπὶ
804 1551 965 1640 Ἡγησίου
992 1551 1058 1644 ἀρ-

93 1679 211 1740 χοντος
233 1650 429 1741 Ἀθήνησιν·
466 1655 547 1740 ἐβίω
574 1652 613 1722 δέ
639 1652 705 1722 δύο
732 1655 788 1722 καὶ
806 1654 984 1741 τριάκοντα
1002 1659 1059 1744 ἐτη

47 1777 80 1818 ιτ
94 1753 151 1822 καὶ
180 1757 241 1822 τοῦ
273 1761 389 1841 τρίτου
419 1755 527 1840 μῆνας
559 1755 720 1842 ἐπέλαβεν
752 1751 859 1841 ὀκτώ,
891 1753 937 1834 ώς
972 1756 1060 1840 λέγει

89 1852 357 1943 Ἀριστόβουλος·
398 1856 594 1942 ἐβασίλευσε
614 1853 652 1922 δὲ
678 1854 810 1923 δώδεκα
829 1860 884 1942 ἐτη
902 1855 959 1924 καὶ
977 1854 1059 1936 τούς

93 1953 180 2024 ὀκτώ
206 1954 350 2034 τούτους
376 1959 503 2043 μῆνας,
537 1954 576 2022 τό
608 1980 650 2028 τε,
678 1957 774 2042 σῶμα
800 1955 976 2035 κάλλιστος
1001 1957 1059 2024 καὶ
1169 1998 1173 2002 -
1261 1992 1262 2012 1

93 2055 365 2143 φιλοπονώτατος
388 2055 446 2123 καὶ
462 2053 620 2136 ὀξύτατος
637 2053 701 2142 τὴν
718 2055 859 2144 γνώμην
876 2056 1058 2143 γενόμενος

93 2158 150 2225 καὶ
164 2153 397 2244 ἀνδρειότατος
410 2157 468 2224 καί
482 2155 732 2242 φιλοτιμότατος
745 2158 803 2225 καὶ
817 2153 1058 2243 φιλοκινδυνό-

48 2291 80 2331 20
93 2281 189 2337 τατος
206 2257 340 2326 καὶτοῦ
357 2263 457 2326 θείου
477 2258 744 2352 ἐπιμελέστατος·
780 2250 917 2343 ἡδονών
934 2255 972 2327 δέ
989 2260 1058 2326 τῶν
1076 2279 1091 2326 2

92 2357 155 2444 μὲν
171 2357 400 2444 τοῦσώματος
418 2357 691 2444 ἐγκρατέστατος,
709 2359 778 2426 τών
792 2357 831 2426 δέ
844 2362 904 2446 τῆς
921 2358 1058 2446 γνώμης

79 2452 236 2528 ’ἐπαίνου
254 2457 363 2545 μόνον
381 2454 644 2545 ἀπληστότατος·
685 2457 835 2538 ξυνιδεῖν
861 2457 899 2528 δὲ
922 2459 961 2528 τό
980 2460 1058 2528 δέον

95 2563 140 2627 ἔτι
166 2559 203 2626 έν
219 2562 267 2650 τῷ
287 2557 414 2646 ἀφανεῖ
429 2554 470 2627 δν
488 2557 690 2644 δεινότατος,
716 2559 773 2626 καὶ
791 2561 913 2628 ἐκτῶν
931 2585 1057 2646 φαινο·

94 2657 206 2744 μένων
230 2658 268 2726 τό
287 2656 378 2737 εἰκός
395 2660 579 2747 ξυμβαλεῖν
598 2659 863 2746 ἐπιτυχέστατος,
889 2661 947 2727 καὶ
964 2659 1058 2741 τάξαι

52 2791 81 2832 ιε
96 2759 252 2845 στρατιὰν
264 2760 321 2827 καὶ
336 2757 471 2828 ὁπλίσαι
483 2785 520 2828 τε
532 2760 588 2828 καὶ
601 2762 763 2848 κοσμῆσαι
773 2761 1056 2847 δαημονέστατος·

95 2860 149 2927 καὶ
166 2857 227 2928 τδν
243 2860 360 2947 θνμδν
375 2873 446 2940 τοῖς
464 2859 679 2949 στρατιώταις
699 2862 818 2949 ἐπᾶραι
837 2859 894 2926 καὶ
909 2861 1057 2928 ἐλπίδων

94 2959 233 3046 ἀγαθῶν
260 2961 425 3080 ἐμπλῆσαι
450 2959 569 3028 καὶ
532 2970 571 3030 το
598 2965 698 3048 δεῖμα
725 2962 763 3030 ἐν
787 2973 858 3040 τοῖς
884 2959 1056 3040 κινδύνοις

93 3064 139 3152 τῷ
171 3057 264 3160 ἀδεεῖ
296 3057 345 3152 τῷ
379 3053 487 3129 αύτοῦ
524 3059 699 3148 ἀφανίσαι,
736 3059 913 3147 ξύμπαντα
949 3065 1057 3129 ταῦτα

94 3155 335 3246 γενναώτατος.
362 3147 481 3228 καὶ
438 3186 503 3229 ουν
520 3158 609 3229 staff
591 3181 653 3229 οσα
672 3163 708 3229 ἐν
725 3165 771 3254 τῷ
779 3159 1117 3286 Ἡάφανεῖτράξαιρ

52 3293 81 3334 εο
96 3260 155 3341 ξύν
171 3266 319 3354 μεγίστῳ
335 3259 456 3350 θάρσει
473 3263 631 3351 ἔπραξεν·
659 3258 721 3330 οσα
738 3289 774 3331 τε
788 3259 962 3349 φθάσας
939 3288 1055 3349 νφαρ-

95 3361 195 3431 πόσαι
217 3364 289 3432 τῶν
315 3368 498 3448 πολεμίαις
532 3362 614 3449 πρὶν
641 3363 698 3430 καὶ
730 3367 845 3432 δεῖσαί
867 3389 941 3431 τινα
968 3359 1056 3430 αύτά

96 3459 137 3542 ώς
170 3463 329 3552 ἐσόμενα,
361 3468 547 3560 προλαβεῖν
579 3460 784 3552 δεινότατος·
828 3465 887 3531 καὶ
919 3461 960 3530 τά
994 3461 1057 3550 μέν
