2632 3922
235 146 301 212 244
587 145 844 208 mmmm

235 331 272 376 τε
298 304 317 376 δ
343 311 402 396 τῆς
429 301 558 397 ὁμόρου
580 304 740 399 Ἀβισάρη
773 309 882 399 χάρας
913 309 1062 399 ὕπαρχος
1096 311 1162 378 καὶ
1194 309 1216 380 ό

236 513 423 596 κομίζοντες
454 507 477 578 δὲ
509 509 647 598 μέγιστα
678 507 759 598 παρ’
783 507 903 591 Ἰνδοῖς
926 511 981 578 καί
1007 508 1088 591 τούς
1114 509 1211 598 παρ’

232 603 410 698 Ἀβισάρου
429 609 625 697 ἐλέφαντας,
652 607 800 700 άριδμόν
826 613 860 692 ἐς
884 611 1076 701 τριάκοντα·
1107 610 1211 698 Ἀβι-

235 706 345 795 σάρην
370 708 436 799 γάρ
462 709 555 803 νόσςο
572 707 744 781 ἀδύνατον
760 712 920 799 γενέσθαι
939 714 1062 780 ἐλθεῖν.
1096 713 1238 794 ξοντ’-ε

234 813 353 895 βαινον
380 809 418 878 δὲ
443 809 572 890 τούτοις
598 811 656 880 καί
674 815 710 880 οί
732 809 812 900 παρ’
829 809 1048 901 Ἀλεξάνδρου
1074 815 1205 900 ἐκπεμ-

200 919 218 969 5
235 910 379 997 φθάντες
388 909 541 998 πρέσβεις
551 909 636 1000 πρός
647 906 836 1001 Ἀβισάρην.
853 915 910 981 καὶ
923 917 1029 980 ταῦτα
1042 910 1083 980 ού
1097 920 1208 1000 χαλε-

235 1014 308 1090 πάς
334 1009 516 1089 πιστεύσας
542 1009 652 1091 οὕτως
680 1017 766 1099 ἔχειν
780 1010 937 1101 Ἀβισάρῃ
963 1037 999 1081 τε
1012 1015 1072 1099 τῆς
1090 1010 1207 1081 αὑτοῦ

234 1109 348 1200 χώρας
366 1109 588 1201 σατραπεύειν
607 1116 711 1182 ἔδωκε
724 1113 781 1180 καὶ
792 1107 955 1200 Ἀρσάκην
967 1117 1011 1201 τῇ
1021 1109 1205 1202 Ἀβισάρου

237 1213 428 1301 ἐπικρατείᾳ
454 1213 660 1300 προσέθηκε·
700 1214 758 1281 καί
775 1213 903 1301 φόρους
929 1210 1084 1293 οὕστινας
1097 1211 1206 1282 οἶκοί·
1220 1243 1247 1284 ιο

237 1331 335 1380 σονσι
359 1312 458 1393 τάξας
484 1311 563 1381 θύει
588 1304 635 1396 ιιύ
661 1314 717 1382 καί
747 1314 802 1381 ἐπὶ
819 1315 866 1404 τῷ
879 1311 1032 1402 Ἀκεσίνη
1050 1317 1205 1406 ποταμῷ.

236 1412 292 1480 καὶ
311 1409 373 1480 τόν
389 1407 564 1500 Ἀκεσίνην
583 1404 629 1480 αὖ
649 1412 767 1499 διαβάς
787 1413 841 1481 ἐπὶ
853 1412 915 1482 τόν
925 1411 1093 1500 ’δδάσπην
1106 1406 1205 1501 ἧκεν,

235 1517 295 1581 ἵνα
313 1513 371 1580 καί
391 1516 461 1580 τάν
480 1511 611 1580 πόλεων
624 1505 688 1600 ’τῆς
706 1540 742 1583 τε
756 1519 901 1594 Νικαίας
914 1513 972 1581 καί
988 1518 1057 1586 τάν
1070 1523 1205 1583 Βουκε-

236 1611 357 1700 φάλων
382 1610 446 1681 ὅσα
472 1609 557 1700 πρός
583 1617 653 1680 τάν
680 1612 817 1702 ὄμβρον
843 1613 1054 1702 πεπονηκότα
1075 1606 1119 1700 ἦν
1137 1613 1205 1696 ξύν

235 1717 279 1802 τῇ
306 1717 443 1803 στρατιᾷ
471 1710 674 1782 ἐπεσκεύασε
699 1714 757 1782 καί
782 1712 823 1782 τά
849 1712 935 1784 άλλα
961 1712 1002 1783 τά
1027 1712 1112 1783 κατά
1139 1714 1206 1802 τὴν
1219 1743 1244 1784 ιε

236 1811 351 1903 χάραν
377 1812 516 1903 ἐκόσμει.
1176 1841 1178 1843 ·

575 2140 872 2225 APPIANOY

369 2308 685 2387 ΑΝΑΒΑΣΕΩΣ
720 2306 1074 2389 ΑΛΕΞΑΝΔΡΟΥ

566 2475 720 2529 menon
739 2476 870 2529 εκεοα.

204 2625 222 2687 1
311 2615 529 2707 Ἀλέξανδρος
548 2616 598 2703 δέ,
626 2614 739 2703 ἐπειδὴ
768 2616 1092 2707 παρεσκευάσθησαν
1110 2615 1202 2710 αύτῷ

238 2721 295 2789 ἐπὶ
326 2719 388 2787 τοῦ
413 2716 580 2788 Ὑδάσπου
612 2731 687 2798 ταῖς
724 2715 842 2805 ὄχθαις
869 2719 995 2787 πολλαὶ
1020 2717 1083 2806 μὲν
1108 2745 1200 2808 τρια·

237 2819 391 2909 κόντοροι
408 2819 465 2888 καί
478 2815 634 2907 ἡμιόλιαι,
653 2815 760 2886 πολλά
780 2817 818 2886 δὲ
831 2819 889 2886 καί
910 2817 1088 2905 ἱππαγωγά
1101 2827 1200 2888 πλοῖα

238 2923 295 2989 καί
314 2918 399 2988 άλλα
417 2918 480 2990 ὅσα
499 2921 531 2998 ἐς
549 2917 781 3007 παρακομιδὴν
800 2925 952 3008 στρατιάς
979 2924 1116 3010 ποταμῷ
1142 2919 1196 2989 εύ·
1211 2951 1235 2990 ιο

239 3045 338 3108 πορα,
365 3026 453 3107 ἔγνω
479 3027 660 3088 καταπλεῖν
692 3019 775 3087 κατά
801 3018 861 3088 τὸν
884 3017 1051 3106 Ὑδάσπην
1077 3019 1123 3100 οἱς
1147 3022 1198 3089 ἐπὶ

205 3120 301 3207 ετὴν
327 3119 475 3207 μεγάλην
501 3118 690 3188 θάλασσαν.
742 3119 908 3211 πρότερον
939 3121 1003 3210 μέν
1028 3147 1067 3208 γε
1093 3123 1129 3189 ἐν
1153 3123 1198 3212 ιμ’

235 3219 333 3310 Ἰνδῷ
360 3224 499 3310 ποταμῷ
517 3223 751 3308 κροκοδείλους
772 3220 988 3314 ίδάυ,’μόνμ
1006 3227 1074 3291 τάν
1092 3220 1196 3290 ἄλλον

241 3323 401 3406 ποταμῶν
427 3317 516 3406 πλὴν
544 3325 684 3408 Νείλου,
717 3320 802 3409 πρός
834 3321 873 3390 δὲ
898 3337 972 3403 ταίς
999 3321 1116 3409 όχδαις
1140 3329 1195 3392 τοῦ

236 3419 410 3491 Ἀκεσίνου
437 3419 588 3506 κυάμους
606 3419 798 3508 πεφυκότας
815 3415 955 3504 ὁποίους
972 3417 994 3510 ἡ
1011 3428 1055 3510 γῆ
1073 3424 1195 3514 ἐκφέρει
1206 3452 1230 3493 ιε
