2620 3924
492 137 678 190 ευεεευιε
696 141 724 202 ³,
743 141 785 190 τε.
1059 138 1118 204 131

158 275 288 342 ἱππέων
309 278 366 340 καὶ
393 279 462 342 τών
490 274 602 347 ἄλλων
625 276 699 342 δσοι
720 276 886 363 βάρβαροι
909 279 1121 363 ξυνέφευγον

156 380 303 463 Δαρείῳ,
325 374 415 462 πλὴν
427 375 628 462 Ἀρταβάζου
650 379 707 444 καὶ
728 383 798 444 τών
816 377 1019 463 Ἀρταβάζου
1040 383 1121 446 καί

156 479 226 542 δων
255 477 312 542 καὶ
333 478 401 542 τών
419 475 589 563 Ἑλλήνων
611 484 681 544 τών
702 479 942 566 μισθοφόρων·
978 481 1122 560 τούτους

156 579 193 642 δὲ
208 576 349 655 πιστούς
365 573 452 644 εἶναι
466 584 615 666 Δαρείῳ,
638 583 696 646 καί
711 586 838 666 εἴργειν
859 580 922 666 μὲν
944 579 983 646 τά
1006 583 1119 665 γιγνό-

128 701 241 763 εμενα
269 677 312 744 ού
334 678 503 756 δυνατούς
531 675 634 765 εἶναι,
664 683 888 767 ἐκτραπέντας
914 681 952 747 δὲ
977 683 1039 760 ἔξω
1061 685 1121 765 τῆς

155 779 336 863 λεωφόρου
363 777 447 845 ὁδοῦ
475 777 520 857 ώς
551 781 607 846 ε’πλ
633 779 674 848 τά
702 781 765 868 ὅρη
793 784 880 848 ι’όναι
906 779 992 856 κατά
1019 785 1119 868 σφᾶς,

155 879 198 946 ού
212 879 410 964 μετέχοντας
423 891 493 958 τοῖς
507 879 595 966 άμφί
608 886 746 966 Βῆσσον
760 886 822 948 τοῦ
837 885 950 965 ἔργον.
980 881 1119 967 γνώμην
1137 899 1155 950 σ

156 981 194 1048 δὲ
220 985 428 1066 πεποιῆσθαι
449 974 528 1057 τούς
550 983 778 1066 ξυλλαβόντας
799 989 968 1067 Δαρεῖον,
1000 984 1032 1049 εί
1056 983 1120 1067 μὲν

156 1081 323 1146 διώκοντα
356 1087 445 1167 σφᾶς
474 1081 695 1168 Ἀλέξανδρον
725 1083 977 1166 πυνθάνοιντο,
1011 1105 1118 1169 παρα-

116 1215 142 1256 20
157 1183 277 1248 δούναι
309 1187 460 1268 Δαρεῖον
485 1182 692 1269 Ἀλεξάνδρου
720 1186 777 1248 καί
804 1185 902 1268 σφίσι
929 1208 961 1250 τι
986 1177 1121 1267 άγαθὸν

156 1279 390 1368 εὑρίσκεσθαι·
422 1285 454 1348 εἰ
474 1284 512 1348 δὲ
534 1283 572 1349 τό
592 1287 736 1368 ἔμπαλιν
756 1285 1035 1370 ἐπανεληλυθότα
1057 1283 1121 1370 μά-

154 1389 264 1468 θοιεν,
280 1382 359 1461 τούς
381 1383 418 1450 δὲ
441 1381 603 1467 στρατιάν
617 1407 654 1450 τε
668 1385 843 1468 ξυλλέγειν
859 1385 943 1470 ὅσην
958 1389 1121 1470 πλείστην

156 1485 318 1550 δύναιντο
346 1486 403 1550 καί
432 1485 607 1566 διασώζειν
637 1487 671 1562 ές
698 1484 736 1551 τό
765 1484 883 1552 κοινὸν
909 1485 971 1570 την
999 1485 1118 1572 ἀρχήν.

148 1587 292 1668 ,Βῆσσον
307 1586 345 1650 δὲ
361 1587 399 1651 έν
414 1589 460 1672 τῷ
475 1587 618 1672 παρόντι
634 1583 826 1670 ἐξηγεῖσθαι
841 1585 915 1652 κατ’
931 1587 1121 1672 οίκειότητά

117 1709 192 1759 me
213 1685 275 1771 τὴν
295 1689 447 1770 Δαρείου
468 1689 525 1753 καί
546 1686 598 1754 ὅτι
621 1689 660 1754 ἐν
681 1693 723 1774 τῇ
745 1685 852 1754 αύτοῦ
873 1692 1058 1774 σατραπεία
1079 1686 1118 1753 τό

155 1789 252 1872 ἔργον
275 1789 437 1870 ἐγίγνετο.

244 1893 357 1957 Ταῦτα
379 1887 564 1955 ἀκούσαντι
584 1883 790 1978 Ἀλεξάνδρῳ
806 1887 872 1956 ἀνά
894 1891 1017 1974 κράτος
1039 1890 1153 1956 &tm-0

155 1989 234 2056 κτέα
257 1991 426 2080 ἐφαίνετο.
455 1989 509 2055 καὶ
533 1988 598 2075 ἤδη
614 1990 676 2074 μὲν
693 1990 875 2076 ἐξέκαμνον
890 1989 925 2055 οἵ
943 2013 979 2056 τε
995 1987 1121 2072 ἄνδρες

155 2093 212 2156 καί
233 2091 269 2156 oc
287 2091 385 2158 ἵπποι
408 2089 476 2156 ὑπὸ
504 2094 545 2176 τῇ
566 2095 776 2178 ταλαιπωρίᾳ
798 2093 839 2176 τῇ
860 2091 1005 2175 ξυνεχελ·
1031 2087 1118 2156 άλλά

115 2221 141 2261 νο
156 2185 354 2276 καδώςῆγε,
371 2192 428 2257 καλ
449 2189 597 2258 διελθών
616 2188 699 2258 ὁδόν
721 2189 851 2277 πολλὴν
870 2197 929 2278 τῆς
943 2215 980 2258 τε
994 2189 1118 2268 νυκτὸς

155 2293 211 2358 καὶ
243 2297 302 2377 τῆς
335 2291 389 2358 ἐπί
418 2293 524 2378 ταύτῃ
558 2290 682 2379 ἡμέρας
711 2295 785 2358 ἔστε
819 2293 874 2359 ἐπὶ
905 2295 1117 2377 μεσημβρίαν

154 2393 347 2479 άφικνελται
360 2397 395 2471 ές
404 2418 479 2462 τινα
490 2395 618 2480 κώμην,
632 2396 690 2460 ἵνα
704 2398 746 2479 τῇ
760 2397 943 2480 προτεραίᾳ
959 2393 1116 2476 ἐστρατο-

154 2495 364 2561 πεδεύκεσαν
386 2496 422 2560 οί
440 2501 590 2580 Δαρείου
612 2493 760 2578 ἄγοντες.
798 2495 948 2561 ἐνταῦθα
969 2491 1150 2572 άκούσαςτ

154 2593 205 2660 ότι
227 2593 350 2672 νυκτός
371 2603 543 2662 ποιεῖσθαι
565 2595 627 2680 την
655 2599 797 2680 πορείαν
820 2595 1037 2678 ἐγνωσμένον
1064 2599 1116 2680 είη

114 2727 142 2770 25
155 2707 223 2774 τοῖς
237 2696 437 2782 βαρβάροις,
461 2696 580 2782 ἤλεγχε
595 2694 675 2774 τούς
695 2697 916 2781 προσχώρους
932 2698 963 2760 εί
982 2697 1027 2781 δη’
1039 2719 1117 2762 τινα

157 2799 278 2864 εἰδεῖεν
294 2799 542 2882 ἐπιτομωτέραν
557 2795 640 2865 ὁδόν
663 2799 718 2863 ἐπὶ
745 2793 823 2874 τούς
846 2797 1046 2881 φεύγοντας.
1084 2797 1123 2861 οί

154 2900 192 2964 δὲ
215 2899 340 2964 είδέναι
367 2901 430 2983 μέν
452 2901 600 2984 ἔφασαν,
630 2899 758 2983 ἐρήμην
780 2898 818 2964 δὲ
841 2893 1011 2982 εἶναιτὴν
1033 2895 1118 2964 ὁδόν

145 2999 200 3065 ’δι’
229 3000 404 3086 άνυδρίαν.
450 2997 468 3067 ὁ
498 3001 535 3068 δὲ
568 3001 695 3085 ταύτην
726 2997 823 3083 άγειν
851 2999 1022 3066 ἐκέλευσε·
1059 3002 1117 3065 καλ

153 3099 257 3182 γνούς
278 3100 330 3166 ὅτι
351 3100 414 3186 ούχ
428 3103 566 3180 ἕψονται
588 3103 623 3166 ολ
641 3101 731 3182 πεζοὶ
747 3098 838 3186 αύτῷ
860 3102 994 3186 σπουδῇ
1016 3100 1116 3168 έλαύ-

113 3228 141 3271 εο
154 3225 248 3268 νοντι
270 3207 340 3268 τών
361 3203 423 3288 μὲν
440 3203 569 3268 ἱππέοιν
584 3203 619 3279 ἐς
633 3204 877 3279 πεντακοσίους
893 3204 1118 3286 κατεβίβασεν

153 3299 218 3368 άπὸ
239 3309 309 3369 τών
330 3305 459 3370 ἵππων·
490 3302 570 3380 τούς
591 3300 757 3388 ἡγεμόνας
779 3303 816 3367 δὲ
838 3306 907 3370 τών
930 3306 1037 3382 πεξών
1058 3303 1118 3367 καί

152 3409 220 3470 τών
243 3405 357 3471 ἄλλων
381 3405 618 3489 ἐπιλεξάμενος
638 3405 718 3483 τοὺς
739 3404 1019 3489 κρατιστεύοντας
1042 3403 1115 3470 έπι·

926 3516 961 3569 91
