2620 3924
217 149 278 216 146
572 146 824 208 Aut-:amm

215 293 271 358 καί
299 292 553 376 καταστήσαντα
580 291 618 356 έν
645 290 737 374 δεξιᾷ
764 294 823 373 τῆς
849 286 933 355 ὁδοῦ
959 279 983 374 ή
1012 285 1114 366 αὐτός
1142 312 1182 356 τε

215 392 305 476 καλή
322 390 460 474 στρατιά
476 387 727 475 παρελάσεσθαι
744 391 873 474 ἔμελλε.
901 389 959 454 καὶ
970 393 1182 475 Πτολεμαῖος

214 490 321 568 οὕτως
343 488 508 574 ἐποίησεν.

180 611 197 656 4
296 590 512 674 Ἀλέξανδρος
533 590 572 658 δέ
595 588 679 656 ίδαὶν
692 587 763 665 τὸν
783 594 920 675 Βῆσσον
941 588 1120 677 ἐπιστήσας
1139 593 1178 658 τό

213 691 302 778 ἅρμα
324 691 425 777 ήρετο
447 689 529 756 ἀνθ’
559 687 639 756 ὅτου
660 689 799 774 βασιλέα
820 689 881 756 τάν
904 687 1010 756 αὑτοῦ
1033 693 1090 756 καί
1112 691 1207 776 ἀμαε

213 795 268 860 καί
299 796 425 859 οίκεϊον
454 793 510 858 καὶ
540 791 720 876 εὐεργέτην
745 797 896 875 Δαρείου
924 793 1112 876 γενόμενον
1138 793 1180 860 τά

213 895 276 980 μέν
301 899 419 979 πρῶτα
441 893 605 977 ξυνέλαβε
627 893 684 958 καί
706 889 810 976 δήσας
831 885 932 977 ήγεν,
956 897 1071 960 ἔπειτα
1095 890 1178 960 ἀπέ-

213 1019 334 1062 κτεινε.
379 994 436 1060 καί
458 992 476 1060 ὁ
501 999 634 1079 Βῆσσος
659 991 702 1059 οά
724 994 817 1080 μόνῳ
837 984 873 1058 οἱ
899 998 1005 1060 ταῦτα
1034 994 1179 1072 δόξαντα

115 1131 117 1136 ·
213 1099 337 1177 πρᾶξαι
370 1099 450 1181 ἔφη,
488 1094 573 1162 ἀλλά
610 1093 672 1173 ξὺν
699 1106 769 1171 τοῖς
800 1097 876 1160 τότε
909 1092 996 1179 ἀμφὶ
1027 1101 1177 1180 Δαρείου

212 1188 323 1280 οὖσιν,
347 1195 393 1273 άς
415 1200 585 1282 σωτηρίαν
600 1200 719 1280 σφίσιν
735 1191 894 1277 εὑρέσθαι
916 1192 994 1280 παρ’
1017 1192 1175 1275 Ἀλεξάν-
1189 1223 1218 1262 ιο

138 1286 141 1294 ’
178 1311 195 1362 σ
212 1300 308 1383 θρου.
335 1296 550 1383 Ἀλέξανδρος
564 1297 603 1362 δὲ
619 1296 675 1362 έπὶ
689 1297 801 1362 τοῖσδε
820 1299 1004 1380 μαστιγοῦν
1019 1295 1176 1362 ἐκέλευεν

211 1399 317 1466 αὐτὸν
339 1397 396 1464 καί
418 1398 586 1482 ἐπιλέγειν
607 1396 668 1464 τὸν
689 1397 822 1482 κήρυκα
844 1394 948 1462 ταύτά
977 1397 1091 1462 ἐκεῖνα
1113 1396 1176 1463 ὅσα

211 1497 312 1577 αὐτὸς
343 1503 390 1585 τῷ
414 1499 537 1586 Βήσσῳ
558 1499 596 1564 έν
621 1501 662 1584 τή
686 1501 806 1564 πύστει
831 1493 996 1562 ὠνείδισε.
1044 1497 1176 1581 Βῆσσος

76 1593 81 1614 ‘
210 1602 273 1685 μὲν
301 1598 343 1684 δή
377 1598 483 1675 οὕτως
514 1598 681 1675 αἰκισθείς
711 1589 949 1683 άποπέμπεταέ
975 1597 1009 1674 ές
1036 1598 1174 1683 Βάκτρα

210 1700 498 1784 ἀποθανούμενος.
528 1699 699 1766 καὶταῦτα
715 1703 921 1784 Πτολεμαῖος
934 1695 1021 1783 ὑπὲρ
1035 1698 1173 1784 Βήσσου
1186 1723 1214 1764 15

210 1799 416 1885 ἀνέγραψεν·
430 1799 685 1884 Ἀριστόβουλος
699 1802 748 1884 δέ,
763 1797 844 1876 τούς
858 1798 945 1884 ἀμφὶ
957 1802 1174 1884 Σπιταμένην

209 1926 245 1968 τε
267 1901 323 1968 καί
337 1902 565 1986 Δαταφέρνην
580 1904 779 1988 Πτολεμαίῳ
801 1899 941 1984 ἀγαγεῖν
958 1905 1095 1984 Βήσσου
1117 1901 1175 1968 καί

208 2005 422 2087 παραδοῦναι
433 2002 642 2088 Ἀλεξάνδρῳ
662 2003 795 2087 γυμνὸν
817 2001 855 2067 έν
870 2005 973 2088 κλοιῷ
994 2003 1172 2087 δήσαντας.

175 2112 193 2162 σ
292 2102 508 2190 Ἀλέξανδρος
523 2105 560 2168 δὲ
575 2101 821 2188 ἀναπληρώσας
838 2101 1033 2170 τόίππικόν
1049 2103 1087 2168 έκ
1104 2107 1173 2170 τοῖν

208 2201 357 2270 αὐτόθεν
383 2205 498 2271 ίππων
520 2203 655 2289 (πολλοὶ
681 2205 748 2286 γάρ
776 2201 868 2290 αὐτῷ
893 2203 991 2269 ἵπποι
1013 2207 1052 2270 έν
1072 2227 1109 2270 τε
1130 2209 1170 2290 ιη’
1184 2227 1212 2268 ιο

205 2304 381 2390 ὑπερβολή
401 2308 463 2370 τοῦ
477 2305 663 2371 Καυκάσου
685 2305 742 2370 καὶ
765 2304 804 2369 έν
819 2309 860 2390 τή
874 2303 929 2369 ἐπί
949 2304 1011 2372 τὸν
1020 2296 1122 2383 Ὦξέν
1136 2329 1172 2370 τε

207 2406 262 2472 καί
284 2403 350 2472 ἀπὸ
371 2409 433 2470 τοῦ
442 2402 549 2482 Ὦξον
571 2408 691 2492 πορεία
715 2404 885 2485 ἐξέλιπον)
907 2400 960 2482 ως·
975 2403 1030 2470 ἐπὶ
1046 2405 1171 2490 Μαρά-

207 2508 315 2572 κανδα
342 2496 418 2591 ήγε·
455 2505 497 2571 τά
524 2506 564 2570 δέ
594 2507 666 2572 έστι
696 2507 852 2589 βασίλεια
883 2510 942 2590 τής
970 2507 1171 2591 Σογδιανῶν

172 2610 325 2691 Ὶγάρας.
360 2609 459 2672 ἔνθεν
484 2606 522 2671 δὲ
546 2603 602 2671 έτιλ
627 2603 687 2671 τόν
712 2606 839 2670 Τάναϊν
863 2607 1016 2689 ποταμὸν
1039 2607 1168 2692 προήει.

205 2711 251 2794 τῷ
277 2707 315 2773 δέ
342 2703 482 2772 Τανάϊδι
510 2708 635 2794 τούτῳ,
663 2705 704 2772 ὃν
726 2706 767 2792 δή
792 2705 849 2772 καί
877 2705 1049 2792 Ἰαξάρτην
1079 2705 1169 2794 ἀλλῳ
1182 2729 1210 2769 ιε

205 2806 344 2893 ὀνόματι
372 2808 455 2892 πρὸς
476 2811 544 2874 ταῖν
567 2810 757 2892 ἐπιχωρίων
784 2809 970 2893 βαρβάρων
992 2813 1171 2874 καλεῖσθαι

205 2910 294 2992 λέγει
306 2906 577 2993 Ἀριστόβουλος,
595 2911 635 2974 αί
650 2909 753 2993 πηγαὶ
773 2909 837 2992 μέν
853 2909 892 2976 ἐκ
906 2912 968 2973 τοῦ
983 2909 1169 2974 Καυκάσου

205 3007 306 3090 ὄρους
328 3006 385 3074 καλ
406 3008 497 3094 αὐτῷ
517 3011 618 3075 είσιν·
643 3007 748 3092 έξίησι
763 3009 802 3074 δὲ
823 3009 880 3077 καὶ
902 2999 1002 3085 οὗτος
1023 3005 1041 3072 ὁ
1063 3030 1168 3074 ποτα-

170 3108 266 3191 8μός
296 3109 330 3184 ές
356 3107 420 3191 τήν
437 3099 617 3190 Ὑρκανίαν
637 3108 828 3175 θάλασσαν.
868 3109 970 3186 ἀλλος
994 3107 1024 3174 δ’
1051 3104 1168 3194 ἀνείη

208 3210 331 3286 Τάναϊς
342 3205 427 3290 ὑπὲρ
440 3205 519 3273 ὅτου
531 3209 620 3291 λέγει
628 3206 807 3293 Ἡρόδοτος
821 3208 1030 3294 δλογοποιός
1045 3206 1168 3296 ὄγδοον
1181 3228 1208 3269 ⁸0
1295 3219 1296 3231 ¹

204 3305 291 3376 είναι
324 3313 393 3374 τῶν
424 3311 585 3391 ποταμοῖν
613 3313 682 3374 τοῖν
711 3312 899 3377 Σκυθικῶν
932 3313 1078 3396 Τάναϊν,
1111 3311 1168 3378 καὶ

204 3410 294 3492 ῥέειν
323 3410 385 3493 μὲν
406 3408 443 3473 έκ
468 3412 585 3494 λίμνης
604 3413 752 3496 μεγάλης
771 3408 970 3496 ἀνίσχοντα,
993 3412 1168 3480 ἐκδιδόναι
