2632 3922
432 167 615 223 ΑΝΑΒΑΣῙΣ
632 171 657 234 ο,
677 172 717 224 ιε.
736 172 775 228 ιτ.
849 201 855 211 -
1025 169 1087 235 267

121 323 186 414 την
212 323 275 413 μὲν
301 333 397 396 λείαν
422 328 465 416 τῇ
491 329 630 416 στρατιᾷ
649 329 780 415 δίδωσι,
805 328 886 410 τούς
904 329 1089 415 ἐλέφαντας

124 426 163 495 δὲ
189 423 258 513 ἀμα
283 420 321 495 οἷ
342 419 412 514 ἦγε.
464 427 522 495 καὶ
544 425 643 496 ἀλλαι
668 427 707 496 δέ
730 427 841 508 πόλεις
868 428 960 518 αὐτῷ
975 433 1027 508 ,αί
1052 431 1090 499 ἐν

122 530 165 616 τῇ
183 526 270 615 αὐτῇ
289 527 383 618 χάρη
402 530 594 597 ἐνεδίδοντο
612 526 738 597 ἐπιόντι
754 523 840 598 οάδέ
860 555 910 609 τις
929 528 1090 618 ἐτράπετο

124 629 159 706 ἐς
185 626 307 715 ἀλκήν·
338 626 429 697 οὕτω
445 628 503 696 καί
516 625 619 698 Ἰνδοὶ
637 627 759 710 πάντες
778 627 1006 700 ἐδεδούλωντο
1023 627 1088 716 η”δη

80 749 95 791 ο
122 729 165 817 τῇ
197 728 315 816 γνάμη
350 726 434 819 πρὸς
457 723 680 818 Ἀλεξάνδρου
706 755 743 800 τε
768 731 825 798 καὶ
850 735 908 818 τῆς
932 724 1089 811 Ἀλεξάν-

123 831 209 917 δρου
236 827 350 916 τάχης.
546 917 548 924 ¹

196 926 234 998 ‘O
260 928 299 998 δὲ
324 927 380 999 έπδ
401 928 541 1018 Σάμβον
568 921 616 999 ου’
641 923 715 1018 ἦγε,
740 933 809 1000 τῶν
835 929 1123 1020 ὀρείωνἸνδῶν3

123 1029 299 1117 σατράπην
324 1027 386 1098 ὑπ’
415 1027 522 1102 αὐτοῦ
540 1032 803 1119 κατασταθέντα,
831 1027 869 1112 ὃς
887 1033 1090 1118 πεφευγέναι

124 1128 217 1220 αὐτῷ
245 1129 461 1217 ἐξηγγέλλετο
487 1129 539 1201 ὅτι
557 1133 778 1202 Μουσικανὸν
805 1129 988 1221 ἀφειμένον
1006 1130 1091 1221 πρὸς

84 1227 345 1320 ιαἈλεξάνδρου
378 1229 525 1301 έπάθετο
551 1232 607 1300 καὶ
639 1237 698 1319 τῆς
729 1232 847 1321 χώρας
872 1239 931 1320 τῆς
966 1235 1089 1302 ἑαυτοῦ

124 1329 286 1419 ἀρχοντα·
327 1330 369 1400 τά
394 1330 461 1421 γάρ
486 1330 571 1422 πρὸς
589 1332 811 1404 Μουσικανὸν
838 1331 933 1424 αὐτῷ
951 1333 1091 1420 πολέμια

122 1423 177 1518 ἦν.
205 1430 251 1512 ἀς
268 1431 306 1501 δέ
324 1430 479 1516 ἐπέλαζεν
496 1432 561 1522 ἤδη
579 1436 621 1521 τῇ
640 1433 735 1505 πόλει
745 1428 961 1522 Ἀλέξανδρος
973 1431 1091 1522 ἥντινα
1107 1447 1125 1496 4

122 1531 330 1620 μητρόπολιν
361 1532 450 1622 εἶχεν
475 1531 497 1620 ἡ
524 1537 586 1632 τοῦ
614 1534 757 1624 Σάμβου
784 1531 890 1624 χάρα,
916 1533 1022 1622 ὄνομα
1047 1524 1092 1621 ἦν

123 1639 169 1722 τῇ
195 1633 290 1703 πόλει
315 1638 518 1722 Σινδίμανα,
545 1639 583 1704 αἲ
606 1661 642 1703 τε
660 1635 765 1706 πάλαι
785 1633 879 1727 αάτρδ
897 1629 1092 1722 ἀνοίγονται
1154 1699 1162 1714 ,
1249 1625 1255 1636 ’

84 1763 111 1806 ιι
125 1734 331 1822 προσάγοντι
361 1737 419 1804 καὶ
451 1739 487 1804 ολ
516 1741 635 1805 οίκεῑοι
666 1741 704 1806 οί
731 1738 792 1806 τοῦ
808 1735 962 1824 ,Σάμβου
988 1735 1030 1804 τά
1055 1761 1092 1804 τε

130 1833 285 1923 χρήματα
319 1832 561 1925 ἀπηρίθμησαν
593 1836 650 1904 καὶ
682 1836 765 1916 τοδς
796 1833 982 1924 ἐλέφαντας
1007 1836 1090 1924 μετά

126 1939 227 2023 σφῶν
252 1933 389 2023 ἀγοντες
406 1933 580 2024 ἀπήντων·
615 1933 656 2005 οά
684 1937 750 2026 γάρ
770 1935 812 2024 δὴ
827 1935 1036 2028 Ἀλεξάνδρμ
1054 1963 1092 2023 γε

126 2043 294 2124 πολεμίως
304 2044 432 2125 έχοντα
451 2037 590 2126 Σάμβον
606 2051 744 2125 φυγεῖν,
762 2031 848 2106 ἀλλά
868 2041 1111 2107 Μουσικανοῦ

124 2139 189 2224 τὴν
206 2136 327 2225 άφεσιν
341 2143 509 2208 δείσαντα.
537 2135 556 2206 ὁ
573 2137 612 2207 δέ
629 2139 687 2207 καὶ
700 2136 805 2225 ἀλλην
821 2138 919 2208 πόλιν
933 2136 1092 2229 ἐντούτῳ
1110 2151 1126 2200 5

87 2271 114 2312 εο
128 2237 324 2309 ἀποστᾶσαν
342 2234 421 2326 εἷλε,
439 2239 579 2308 καίνων
594 2235 816 2328 Βραχμάνων,
834 2247 871 2309 ολ
882 2238 924 2326 δὴ
939 2241 1094 2328 σοφισταὶ

71 2365 74 2370 ·
125 2352 199 2420 τοῖς
221 2338 341 2420 Ἰνδοῖς
359 2345 461 2427 εἰσιν,
487 2337 561 2410 ὅσοι
578 2349 678 2410 αίτιοι
694 2343 752 2426 τῆς
771 2337 989 2420 ἀποστάσεως
1017 2341 1093 2425 ἐγέ-

127 2465 229 2509 νοντο
262 2439 462 2510 ἀπέκτεινεν.
513 2439 601 2529 ὑπὲρ
637 2431 686 2512 ὧν
712 2439 779 2528 ἐγοδ
811 2446 869 2528 τῆς
896 2447 1035 2528 σοφίας,
1063 2447 1095 2511 εί

129 2538 172 2626 δή
198 2546 248 2620 τίς
276 2543 376 2628 ἐστιν,
403 2538 441 2609 ἐν
467 2547 509 2630 τῇ
534 2537 657 2630 Ἰνδικῇ
684 2543 866 2631 ξυγγραφῇ
891 2540 1041 2628 δηλώσω.

232 2643 300 2710 Καὶ
334 2643 371 2710 έν
395 2641 503 2732 τούτῳ
531 2640 750 2721 Μουσικανὸς
782 2640 874 2734 αὐτῷ
907 2635 1092 2729 ἀφεστάναι
1105 2640 1142 2704 17

91 2769 118 2812 τι
136 2740 356 2828 ἐξηγγέλλετο.
383 2741 441 2811 καί
460 2742 516 2810 ἐπὶ
532 2746 656 2811 τοῦτον
672 2741 736 2828 μδν
754 2742 912 2830 ἐκπέμπει
930 2749 1094 2811 Πείθωνα

130 2841 191 2910 τὸν
212 2839 395 2931 Ἀγήνορος
428 2839 603 2931 σατράπην
635 2843 699 2923 ξὺν
731 2847 868 2932 στρατιᾷ
901 2838 1097 2931 ἀποχρώσῃ.Ι

131 2940 235 3024 αὐτὸς
253 2943 292 3014 δέ
310 2941 369 3024 τάς
383 2939 495 3024 πόλεις
513 2943 572 3024 τάς
585 2941 654 3012 ἀπδ
670 2945 881 3032 Μουσικανῷ
894 2942 1095 3029 τεταγμένας

132 3044 287 3114 έπελθων
299 3044 359 3125 τάς
368 3043 432 3132 μὲν
447 3044 735 3134 ἐξανδραποδίσας
749 3038 865 3113 αὐτῶν
874 3041 1095 3129 κατέσκαψεν,

45 3169 47 3174 ·
131 3150 179 3226 είς
206 3143 245 3227 ἀς
272 3145 310 3216 δέ
336 3143 489 3236 φρουράς
515 3144 671 3234 εἰσήγαγε
696 3146 753 3214 καί
780 3143 886 3231 ἀκρας
914 3145 1093 3232 ἐξετείχισε.

93 3251 234 3316 ιοταῦτα
272 3246 311 3317 δέ
333 3237 611 3344 Ιδραπραξάμενος
644 3245 699 3316 ἐπὶ
730 3245 768 3315 τδ
801 3244 1029 3334 στρατόπεδόν
1059 3271 1095 3314 τε

135 3348 276 3436 ἐπανῆκε
302 3349 359 3418 καὶ
385 3346 445 3417 τδν
471 3347 602 3418 στόλον.
641 3352 726 3416 ἔνθα
752 3345 794 3434 δὴ
813 3343 1032 3426 Μουσικανός
1057 3363 1126 3413 τεν

135 3448 341 3552 ξυλληφθεὶς
375 3447 489 3536 άγεται
522 3444 606 3540 πρὸς
641 3453 837 3536 Πείθωνος,
876 3448 933 3518 καί
974 3447 1096 3515 τοῦτον
