2620 3924
216 151 279 216 120
568 149 821 208 ελεεεαεεον

213 301 311 382 μίων.
350 294 408 362 καί
433 291 605 382 ἐντούτῳ
630 295 666 359 οί
688 292 854 362 Θεσσαλοὶ
875 295 987 372 ίππεῖς
1013 297 1173 383 λαμπρῶς

214 394 457 482 ἀγωνισάμενοι
464 391 526 479 οὐχ
536 391 972 484 όπελείποντοἈλεξάνδρφ
982 397 1044 462 τοῦ
1056 401 1172 485 ἔργον·

214 494 300 564 άλλά
317 496 383 583 γάρ
403 501 549 582 ἔφευγον
564 492 627 581 ἤδη
646 499 683 562 οί
694 492 760 562 άπὸ
776 496 836 562 τοῦ
852 495 962 574 δεξιοῦ
982 495 1087 582 κε’ρως
1104 499 1173 564 τῶν

213 597 409 686 βαρβάρων,
424 595 525 664 ὁπότε
531 594 747 684 Ἀλέξανδρος
758 593 1074 684 αότοῑςσυνέμιξεν,
1090 594 1173 668 ὥστε

214 696 490 788 ἀποτραπόμενος
499 695 720 784 Ἀλέξανδρος
736 699 769 776 ἐς
782 694 821 764 τό
835 695 967 765 διώκειν
980 689 1083 778 αὖθις
1097 711 1200 768 Ant-5

179 813 196 860 4
214 815 306 885 ρεῖον
332 797 513 886 ἐξώρμησε·
549 799 606 865 καί
618 799 761 878 ἐδίωξεν
782 804 855 866 ἐστε
872 797 959 884 φάος
977 789 1036 886 ἦν
1064 801 1121 867 καὶ
1139 804 1176 868 οί

213 899 301 987 άμφλ
317 907 543 988 Παρμενίωνα
557 895 595 967 τό
611 896 679 966 κατ’
696 896 823 978 αὐτοός
836 899 1016 979 διώκοντες
1027 903 1170 968 εἵποντο.

213 999 298 1068 ἄλλά
319 999 533 1087 Ἀλέξανδρος
551 998 614 1087 μὲν
631 999 750 1088 διαβάς
767 999 827 1068 τόν
848 998 1000 1087 ποταμόν
1017 998 1079 1068 τόν
1096 1001 1173 1070 Λό-

212 1128 274 1182 ηου
291 1100 656 1190 κατεστρατοπέδευσεν
674 1100 796 1188 αὐτοῦ,
819 1099 865 1180 ώς
883 1099 1079 1170 ἀναπαῦσαι
1096 1101 1172 1176 ὀλί-

212 1229 274 1288 γον
299 1203 379 1282 τούς
403 1227 438 1270 τε
456 1199 583 1291 ἄνδρας
606 1203 664 1270 καί
691 1201 772 1281 τούς
790 1206 933 1281 ἵππους·
967 1211 1172 1291 Παρμενίων
1186 1225 1214 1267 ιο

213 1303 251 1372 δέ
274 1303 372 1372 τότε
395 1303 622 1392 στρατόπεδον
647 1305 716 1370 τών
743 1303 925 1393 βαρβάρων
953 1299 1021 1374 εἷλε
1047 1305 1103 1372 καὶ
1131 1305 1171 1372 τά

213 1405 405 1494 σκευοφόρα
423 1407 480 1473 καὶ
498 1403 580 1483 τούς
599 1403 784 1491 ἐλέφαντας
802 1406 858 1473 καλ
877 1404 936 1483 τάς
954 1405 1135 1492 καμήλους.

177 1518 195 1568 σ
284 1505 502 1593 Ἀλέξανδρος
519 1505 558 1574 δὲ
571 1503 771 1584 άναπατίσας
785 1505 866 1584 τούς
884 1503 964 1593 ἄμφ’
985 1503 1093 1574 αὑτὸν
1113 1512 1171 1574 ίπ-

212 1605 295 1686 πέας
322 1613 394 1675 ἐστε
420 1608 475 1675 ἐπὶ
492 1605 597 1694 μέσας
614 1606 741 1686 νύκτας
759 1604 950 1696 προύχώρει
967 1597 1069 1686 αὖθις
1087 1606 1171 1675 κατά

212 1707 366 1795 σπουδὴν
386 1705 434 1776 ἐπ’
448 1705 619 1796 Ἄρβηλα,
643 1705 689 1785 ώς
708 1707 873 1795 Δαρεῖόν·
881 1733 916 1775 τε
933 1708 1085 1796 αίρήσων
1104 1711 1173 1778 ἐκεῖ
1184 1727 1213 1770 1³

211 1813 268 1878 καὶ
291 1807 332 1876 τά
350 1809 501 1897 χρήματα
519 1811 575 1876 καὶ
599 1807 661 1896 τὴν
678 1805 784 1896 άλλην
801 1809 1011 1896 κατασκευὴν
1028 1809 1089 1896 τὴν
1106 1817 1187 1900 βαι-ι

212 1911 349 1998 σιλικην.
368 1913 425 1979 καὶ
439 1909 579 1996 άφίκετο
593 1907 800 1998 εἰς”Αρβηλα
809 1913 851 1998 τῇ
860 1907 1035 1999 άστεραίᾳ,
1049 1911 1171 1990 διώξας
1196 1899 1199 1904 ’

210 2011 291 2092 τούς
309 2011 438 2090 πάντας
456 2013 493 2079 ἐκ
511 2011 568 2098 τῆς
586 2011 693 2098 μάχης
711 2015 871 2090 σταδίους
884 2011 1026 2097 μάλιστα
1046 2013 1079 2090 ἐς
1095 2011 1170 2090 ἑξα-

211 2121 357 2192 κοσίους.
389 2114 446 2180 καὶ
466 2122 615 2200 Δαρεῖον
631 2111 695 2198 μὲν
713 2109 755 2179 οό
774 2112 1021 2198 καταλαμβάνει
1039 2115 1077 2180 ἐν
1091 2111 1171 2199 Ἀρ-

210 2214 337 2302 βήλοις,
355 2211 425 2280 ἀλλ’
446 2219 589 2298 ἔφευγεν
602 2211 706 2280 οὐδέν
722 2239 754 2279 τι
772 2212 927 2291 ἐλινύσας
942 2224 1102 2301 Δαρεῖος·
1127 2213 1168 2281 τὰ
1182 2231 1211 2272 ²0

210 2314 361 2402 χρήματα
393 2313 431 2381 δέ
463 2311 695 2400 ἐγκατελήφθη
720 2314 777 2381 καί
803 2311 825 2402 ἡ
851 2313 1039 2401 κατασκευὴ
1066 2317 1170 2401 πάσα,

210 2417 266 2484 καὶ
289 2415 327 2483 τό
352 2411 441 2502 ἅρμα
464 2413 502 2482 τὸ
521 2421 671 2503 Δαρείου
697 2405 799 2494 αὖθις
824 2415 1056 2503 ἐγκατελήφθη
1074 2414 1170 2502 καὶὴ

210 2517 311 2595 άσπὶς
330 2507 430 2594 αὖθις
448 2516 505 2583 καὶ
523 2516 564 2583 τά
581 2515 663 2596 τόξα
682 2515 778 2584 ἑάλω.

173 2629 192 2677 6
283 2615 473 2686 Ἀπέθανον
491 2614 529 2684 δὲ
546 2620 615 2686 τών
632 2615 712 2705 ἄμφ’
729 2615 950 2705 Ἀλέξανδρον
967 2614 1087 2705 ἄνδρες
1105 2615 1169 2703 μὲν
1285 2657 1290 2664 -

210 2720 244 2797 ἐς
265 2717 385 2787 ἑκατόν
406 2717 567 2806 μάλιστα,
592 2723 688 2787 ἵπποι
711 2717 750 2787 δέ
774 2725 810 2787 ἐκ
827 2745 862 2786 τε
879 2721 947 2786 τῶν
964 2716 1168 2808 τραυμάτων
1181 2737 1210 2780 ετ

209 2820 266 2888 καὶ
284 2823 342 2907 τῆς
355 2826 584 2899 κακοπαθείας
601 2822 660 2907 της
676 2822 712 2888 ἐν
729 2823 771 2907 τῇ
787 2819 896 2906 διώξει
912 2817 999 2907 ὑπὲρ
1017 2819 1098 2898 τοός
1115 2845 1168 2904 χι-

209 2929 323 3006 λίους,
343 2923 401 2988 καὶ
418 2920 551 2989 τούτων
568 2924 625 3007 τῆς
641 2921 803 3008 ἑταιρικῆς
822 2923 928 2988 ἵππου
947 2919 1069 3006 σχεδόν
1087 2945 1118 2986 τι
1135 2922 1172 2986 οί

209 3021 350 3108 ἡμίσεες.
377 3020 646 3110 τῶνβαρβάρων
670 3019 708 3088 δὲ
725 3025 837 3108 νεκροὶ
863 3020 924 3104 μὲν
959 3021 1114 3112 ἐλέγμντο
1135 3022 1169 3098 ἐς

207 3122 388 3210 τριάκοντα
400 3121 580 3208 μυριάδας,
601 3119 752 3188 ἑάλωσαν
767 3119 806 3190 δὲ
824 3122 912 3190 πολὺ
930 3128 1082 3200 πλείονες
1099 3122 1169 3186 τῶν

208 3221 457 3290 ἀποθανόντων
480 3221 536 3288 καὶ
567 3223 604 3288 οί
626 3219 805 3308 ἐλέφαντες
831 3223 887 3290 καὶ
915 3223 984 3288 τῶν
1007 3219 1210 3310 άρμάτων,ιο

209 3320 271 3392 ὅσα
289 3322 335 3408 μὴ
352 3319 518 3408 κατεκόπη
538 3323 575 3390 ἐν
592 3325 634 3410 τῇ
653 3322 753 3410 μάχη.

173 3437 190 3488 ⁷
291 3424 399 3492 Τοῦτο
416 3421 454 3490 τὸ
472 3420 567 3503 τέλος
584 3449 625 3512 τη
644 3423 733 3512 μάχη
752 3421 859 3511 ταότη
880 3421 1012 3509 ἐγένετο
1032 3423 1086 3490 ἐπὶ
1104 3419 1169 3508 ἄρ·
1195 3495 1200 3504 ,
