2572 3920
439 124 622 177 εαιΒιΣιΣ
641 128 665 190 1,
684 127 709 177 ε.
803 197 808 206 ι
1032 125 1053 190 9

86 264 166 354 εἶχε
186 265 247 334 καὶ
266 263 378 353 ἐπειδὴ
398 270 525 354 έμαθεν
537 263 625 355 ὑπὲρ
642 266 711 334 τοῖν
724 262 947 353 Αὐταριατῶν
962 292 1051 337 πυν-
1069 287 1087 334 3

84 365 283 456 θανόμενον
302 361 526 457 Ἀλέξανδρον
549 366 670 447 οἵτινές
693 394 729 436 τε
752 367 811 436 καὶ
834 365 954 440 ὁπόσοι
972 367 1052 456 εἶεν,

85 466 147 538 ούκ
162 475 229 556 ἐφη
248 473 370 558 χρῆναι
387 470 425 537 ἐν
443 467 532 560 λόγῳ
549 474 709 538 τίθεσθαι
722 467 949 559 Αὐταριάτας·
969 469 1054 541 εἶναι

84 569 147 659 γάρ
166 566 451 658 ἀπολεμωτάτους
468 574 537 638 τεόν
554 568 675 660 ταύτῃ·
699 571 757 640 καὶ
774 567 877 651 αύτός
897 573 1054 661 ἐμβαλεῖν

61 674 118 751 ιές
136 670 200 758 την
218 669 336 761 χάραν
360 668 492 758 αὐτῶν,
519 667 564 752 άς
583 667 670 760 άμφδ
692 669 733 740 τά
757 672 902 762 σφέτερα
924 673 1054 762 μάλλόν
1113 713 1117 721 =

84 800 110 842 τι
142 778 265 862 ἔχοιεν.
305 773 363 842 καὶ
392 771 613 852 κελεύσαντος
640 769 864 863 Ἀλεξάνδρου
900 775 1055 864 ἐμβάλλει

87 877 118 954 ἐς
135 871 284 954 αύτούς·
312 874 370 942 καὶ
389 871 543 961 ἐμβαλόν
566 863 628 960 ἦγε
652 875 709 942 καὶ
734 879 832 964 ἐφερε
854 872 917 962 τὴν
940 875 1055 966 χάραν

85 1002 208 1044 αυτων.

159 1073 371 1166 Αὐταριάται
387 1075 451 1164 μὲν
468 1074 510 1164 δὴ
529 1073 617 1164 άμφδ
634 1074 674 1146 τά
694 1070 808 1146 αὑτόν
826 1075 933 1166 εἶχον·
958 1077 1053 1165 Λάγ-
1071 1094 1090 1144 4

55 1207 74 1247 τι
86 1204 185 1266 γαρος
205 1178 245 1246 δὲ
264 1177 308 1246 τά
325 1204 361 1246 τε
379 1176 466 1246 άλλα
481 1176 620 1266 ἐτιμήθη
633 1175 785 1266 μεγάλως
799 1175 883 1270 πρὸς
898 1177 1054 1261 Ἀλεξάν-

86 1285 168 1366 δρου
194 1279 255 1348 καὶ
283 1284 376 1368 δύρα
406 1285 526 1366 ἐλαβεν
553 1278 618 1347 ὅσα
644 1280 781 1367 μέγιστα
807 1279 897 1368 παρά
924 1287 1058 1366 βασιλεῖ

87 1385 130 1472 τῷ
163 1379 383 1451 Μακεδόνων
412 1386 592 1468 νομίζεται·
627 1380 685 1448 καὶ
715 1378 778 1467 την
809 1378 962 1470 άδελφήν
992 1378 1055 1468 την

84 1478 308 1567 Ἀλεξάνδρου
333 1479 455 1551 Κύναν
481 1481 538 1550 καί
560 1479 687 1568 ταύτην
712 1479 904 1570 ὡμολόγησε
930 1481 1055 1552 δύσειν

89 1579 175 1674 αὐτῷ
194 1584 335 1654 Πέλλαν
352 1579 544 1674 άφικομένφ
559 1580 784 1671 Ἀλέξανδρος.

57 1711 77 1750 ιε
157 1678 262 1754 Ἀλλά
286 1682 465 1772 Λάγγαρος
494 1683 558 1771 μὲν
589 1682 788 1753 ἐπανελθεδν
819 1689 934 1754 οἴκαδε
963 1683 1091 1777 νόσφσ

91 1783 314 1874 ἐτελεύτησεν.
360 1780 574 1875 Ἀλέξανδρος
609 1783 648 1854 δέ
682 1783 773 1875 παρά
808 1783 869 1854 τόν
901 1783 1054 1874 Ἐριγόνα

91 1885 238 1975 ποταμόν
267 1885 495 1976 πορευόμενος
526 1887 559 1966 ἐς
585 1884 716 1972 Πύλιον
746 1883 844 1954 πόλιν
876 1887 1055 1954 ἐστέλλετο.

92 1985 212 2075 ταύτην
230 1987 300 2078 γάρ
317 1986 507 2074 κατειλήφει
521 1984 539 2056 ὁ
553 1994 694 2066 Κλεῖτος
709 1983 753 2066 ὥς
767 1982 981 2075 ὀχυρωτάτην
996 1991 1056 2074 τῆς

93 2086 211 2178 χώρας·
231 2091 290 2157 καὶ
303 2087 388 2178 πρός
405 2087 530 2174 ταύτην
546 2082 591 2168 άς
608 2080 690 2173 ἧκεν
705 2081 933 2176 Ἀλεξανδρος,
950 2115 1054 2156 κατα-

62 2189 379 2278 ειστρατοπεδεύσας
417 2187 502 2276 πρός
538 2194 585 2280 τῷ
618 2185 801 2280 Ἐορδαϊκῷ
837 2194 975 2281 ποταμῷ
1011 2191 1055 2278 κη’

92 2286 249 2382 ὑστεραία
265 2289 402 2378 ε’γυάκει
416 2289 641 2378 προσβάλλειν
657 2294 705 2381 τῷ
722 2295 832 2378 τείχει.
864 2294 899 2358 οί
914 2289 952 2359 δέ
966 2288 1052 2378 άμφί
1073 2305 1091 2354 6

94 2388 149 2458 τδν
171 2400 316 2462 Κλεῖτον
338 2389 379 2460 τά
405 2389 520 2482 κύκλῳ
542 2394 600 2477 τῆς
624 2388 752 2470 πόλεως
776 2390 850 2480 ὅρη,
874 2388 1055 2479 ὑπερδέξιά

93 2517 126 2558 τε
138 2490 285 2562 ὅντακαὶ
299 2493 414 2579 δασέα,
427 2506 593 2579 κατεῖχον,
608 2488 651 2570 άς
661 2490 832 2562 πάντοθεν
845 2493 1056 2560 ἐπιτίθεσθαι

96 2607 161 2672 τοῖς
174 2594 385 2681 Μακεδόσιν,
400 2598 432 2662 εί
442 2597 484 2682 τῇ
498 2591 594 2661 πόλει
607 2591 864 2682 προσβάλλοιεν·
885 2600 1054 2672 Γλαυκίας

63 2716 84 2756 ιε
97 2692 130 2760 δέ
152 2692 245 2788 αύτῷ
269 2693 373 2764 ὁτῶν
396 2701 614 2764 Ταυλαντίων
636 2692 794 2780 βασιλεύς
817 2692 914 2764 τύπω
932 2699 1054 2782 παρῆν.

94 2788 304 2887 Ἀλέξανδρος
322 2795 385 2884 μὲν
402 2793 444 2882 δη
462 2800 504 2884 τῇ
522 2793 617 2864 πόλει
633 2799 818 2883 προσῆγεν·
845 2799 881 2862 οἱ
897 2793 935 2863 δέ
953 2795 1053 2862 πολί-
1072 2809 1090 2859 τ

97 2922 160 2980 μιοι
177 2895 442 2985 σφαγιασάμενοι
459 2901 582 2978 παῖδας
599 2909 688 2984 τρεῖς
708 2896 766 2962 καὶ
782 2894 884 2984 κόρας
903 2905 978 2974 ίσας
995 2895 1055 2964 τόν

100 2990 241 3086 άραθμδν
264 2998 321 3068 καὶ
338 2996 453 3086 κριούς
470 2999 615 3086 μέλανας
632 3009 738 3085 τρεῖς,
759 2994 911 3086 ὥρμηντο
929 2995 991 3084 μὲν
1010 2989 1055 3076 ὦς

100 3098 263 3186 δεξόμενοι
282 3101 315 3180 ἐς
333 3113 445 3189 χεῖρας
457 3097 538 3179 τούς
557 3095 777 3177 Μακεδόνας·
798 3095 882 3186 ὁμοῦ
900 3096 938 3166 δέ
955 3123 1054 3184 γενο-

70 3219 90 3260 ³0
101 3199 208 3283 μένων
224 3202 374 3284 ἐξέλιπον
387 3205 494 3268 καίτοι
508 3196 651 3291 καρτερά
668 3197 749 3268 όντα
762 3197 802 3266 τά
816 3199 1056 3286 κατειλημμένα

102 3298 179 3386 πρός
197 3308 294 3391 σφόν
311 3308 432 3391 χωρία,
452 3299 536 3372 ὥστε
554 3301 610 3370 καὶ
626 3299 666 3370 τά
685 3299 811 3389 σφάγια
826 3297 939 3370 αότάν
956 3325 1052 3368 κατε-

104 3399 209 3491 λήφθη
227 3410 274 3473 ἐτι
290 3409 437 3492 κείμενα.
