2620 3924
474 149 661 203 Δυειιυιυ
677 151 707 210 ι,
725 151 766 201 ιι.
1042 145 1103 209 135

135 291 305 377 Ἀγριᾶσιν
322 287 663 374 ὀπισθοφυλακοῦσιν
679 290 842 358 ἐπέθεντο
858 289 894 354 οί
912 286 1018 373 ὄρειοι
1033 291 1103 353 τῶν

138 392 335 477 βαρβάρων,
352 393 409 456 καλ
422 401 519 475 μείου
534 394 667 475 ἔχοντες
680 395 726 474 τῷ
742 389 979 476 ἀκροβολισμῷ
994 386 1101 472 άπηλ-

138 495 301 577 λάγησαν.

212 593 317 678 ’Ἀρας
338 594 377 659 δὲ
399 593 563 660 έντεύδεν
578 591 698 679 προῄει
716 591 761 670 ὥς
783 590 841 677 ἐφ’
859 589 1034 676 Ὑρκανίας
1056 589 1136 666 είςσ

111 725 126 767 ⁵
140 695 375 780 Ζαδράκαρτα,
392 693 494 761 πόλιν
504 691 698 779 Ὑρκανίων.
727 695 784 759 καλ
800 693 840 758 έν
854 692 962 779 τούτῳ
978 692 1013 758 οί
1025 691 1103 774 περὶ

138 795 315 881 Κράτερον
348 795 527 880 ξυνέμιξαν
560 793 669 882 αύτῷ,
702 803 774 872 τοίς
800 793 863 878 μέν
898 794 1006 870 ξένοις
1035 801 1103 868 τοῖς

138 899 290 981 Δαρείου
323 893 387 962 ούκ
415 896 686 980 ἐντετυχηκότες,
719 893 783 980 τὴν
810 895 925 980 χώραν
953 893 991 959 δὲ
1019 891 1103 975 όσην

139 997 443 1082 διαπεπορευμένοι
464 988 551 1082 ἦσαν
578 993 640 1081 τὴν
667 995 731 1080 μέν
757 999 832 1082 βίᾳ,
859 993 923 1078 την
950 993 987 1060 δὲ
1011 993 1103 1060 ένδι-

140 1097 272 1162 δόντων
301 1101 371 1162 τῶν
400 1096 653 1164 κατοικούντων
680 1095 998 1182 προσπεποιημένοι.
1046 1094 1103 1159 έν-

97 1231 128 1277 1⁰
139 1201 252 1263 ταύδα
274 1200 330 1264 καλ
350 1197 515 1283 Ἑρίγνιος
535 1190 597 1283 ἧκε
618 1195 681 1276 ξύν
701 1209 771 1274 τοῖς
798 1196 1021 1281 σκευοφόροις
1047 1193 1104 1258 καλ

140 1309 213 1376 ταῖς
226 1296 375 1383 ἁμάξαις.
412 1297 530 1382 ὀλίγον
545 1299 583 1366 δε
597 1297 742 1382 ὕστερον
755 1296 949 1382 Ἀρτάβαζος
963 1295 1102 1379 ἄφίκετο
1121 1314 1137 1363 ‘1

140 1399 222 1484 παρ’
235 1399 455 1484 Ἀλέξανδρον
470 1401 528 1464 καλ
541 1404 611 1466 τῶν
625 1401 759 1464 παίδων
780 1397 887 1464 αὐτοῦ
902 1395 1033 1480 Κωφὴν
1048 1395 1105 1460 καλ

137 1499 394 1584 Ἀριοβαρζάνης
420 1501 477 1565 καλ
502 1498 666 1584 Ἀρσάμης
692 1500 749 1564 καλ
774 1497 838 1578 ξύν
859 1497 991 1574 τούτοις
1013 1493 1104 1581 παρά

140 1606 210 1668 τῶν
233 1600 340 1679 ξένων
353 1603 424 1666 τοῖν
446 1598 510 1678 ξύν
524 1604 661 1686 Δαρείῳ
675 1599 833 1684 πρέσβεις
847 1601 905 1664 καὶ
918 1595 1103 1682 Αὐτοφρα-

103 1702 244 1786 ιιδάτης
271 1698 290 1768 ὁ
322 1701 511 1785 Ταπούρων
538 1701 719 1786 σατράπης.
763 1699 1015 1784 Αὐτοφραδάτῃ
1042 1698 1105 1782 μὲν

142 1803 184 1887 δὴ
211 1801 273 1886 τὴν
301 1805 509 1886 σατραπείαν
536 1799 725 1867 ἀπέδωκεν·
735 1798 961 1924 Ἀρτάβαζον
989 1799 1027 1862 δέ
1049 1797 1106 1863 καλ

142 1901 223 1980 τούς
250 1900 421 1978 παίδας“
399 1925 466 1987 αμα
494 1894 574 1968 οἷ’
556 1925 596 1968 εν
622 1905 701 1986 τιμῇ
725 1893 803 1985 ἦγε,
831 1901 873 1966 τά
899 1923 935 1964 τε
957 1899 1044 1963 ἄλλα
1066 1898 1105 1963 έν

143 2014 212 2080 τοῖς
245 2003 391 2088 πράτοις
417 2001 611 2089 nepam*
591 2025 692 2079 οντας
724 2000 782 2068 καλ
808 2025 867 2085 της
896 2002 930 2078 ἐς
956 2005 1136 2084 Δαρεῖον

143 2103 327 2180 πίστεως”
307 2127 418 2169 ενεκα.
452 2113 521 2180 τοῖς
535 2101 749 2188 πρέσβεσιδὲ
763 2125 832 2168 των
841 2099 1011 2186 Ἑλλήνων
1027 2100 1106 2164 δεο
1122 2117 1142 2166 8

106 2235 132 2276 ιο
146 2203 259 2288 μένοις
280 2207 489 2270 σπείσασθαί
501 2219 620 2286 σφισιν
634 2201 722 2286 ὑπὲρ
743 2207 804 2276 vm]
826 2201 951 2278 παντὸς
972 2201 1106 2279 ξενικοῦ

146 2302 270 2385 άπεκρί
268 2327 349 2369 νατο
373 2303 555 2388 ὁμολογίαν
576 2304 640 2388 μέν
654 2304 718 2370 ούκ
735 2299 778 2368 άν
792 2303 1000 2388 ποιήσασθαι
1022 2299 1106 2385 πρὸς

147 2403 271 2481 αὐτούς
292 2402 469 2487 οὐδεμίαν·
504 2404 634 2470 άδικεῖν
655 2402 721 2490 γάρ
748 2405 877 2490 μεγάλα
898 2403 977 2480 τοὺς
1003 2419 1104 2486 στρα-

146 2505 348 2590 τευομένους
365 2507 502 2572 έναντία
516 2511 558 2591 τῇ
574 2504 707 2572 Ἑλλάδι
722 2503 814 2590 παρὰ
832 2515 902 2582 τοῖς
922 2503 1108 2590 βαρβάροις

146 2605 238 2690 παρὰ
264 2603 305 2671 τά
332 2605 481 2691 δόγματα
508 2604 550 2672 τά
576 2612 646 2672 τῶν
668 2605 852 2691 Ἑλλήνων·
891 2605 1048 2672 ἐκέλευσε
1070 2603 1108 2668 δέ

109 2735 135 2778 ιι
148 2706 244 2792 ἥκειν
277 2706 471 2788 ξύμπαντας
502 2709 558 2772 καλ
598 2707 823 2792 παραδιδόναι
860 2712 948 2792 σφᾶς
985 2703 1109 2781 αύτούς

150 2807 390 2892 ἐπιτρέποντας
402 2805 608 2892 Ἀλεξάνδρῳ
630 2811 777 2891 χρῆσθαι
792 2806 812 2872 ό
825 2831 857 2872 τι
872 2809 929 2872 καλ
950 2806 1107 2889 βούλοιτο

147 2908 170 2992 ἢ
193 2909 359 2989 σιτίζεσθαι
381 2905 446 2994 ὅπη
461 2908 633 2973 δύναιντο.
668 2907 704 2972 οί
716 2907 754 2973 δὲ
770 2908 965 3002 ἐπιτρέπειν
976 2910 1108 2991 ἔφασαν
1125 2922 1144 2972 ο

19 3023 22 3028 “
151 3015 241 3094 σφᾶς
261 3033 297 3076 τε
311 3008 436 3088 αύτούς
457 3011 513 3076 καλ
534 3007 614 3086 τοὺς
634 3006 758 3086 ἄλλους
777 3006 997 3094 Ἀλεξάνδρῳ·
1029 3007 1108 3091 ξυμ-

150 3111 294 3196 πέμπειν
307 3135 344 3177 τε
359 3111 518 3178 ἐκέλευον
533 3110 594 3176 τόν
608 3109 820 3194 ἡγησόμενον
835 3107 966 3192 αύτολς,
989 3105 1034 3186 ιλς
1047 3107 1110 3174 άσ·

111 3241 138 3281 ιο
152 3217 267 3296 φαλοδς
281 3215 536 3296 διακομισθεῖεν
550 3209 631 3293 παρ’
647 3209 767 3276 αὐτόν·
798 3207 885 3277 εἶναι
900 3211 938 3277 δὲ
954 3209 1109 3293 έλέγοντο

152 3315 186 3390 ἐς
201 3317 329 3398 χιλίους
343 3315 400 3378 καλ
415 3307 668 3388 πεντακοσίους.
692 3313 748 3376 καλ
761 3311 976 3392 Ἀλέξανδρος
989 3312 1110 3396 πέμπει

150 3414 370 3500 Ἀνδρόνικον
377 3412 605 3497 τόνἈγέρρου
611 3412 667 3476 καὶ
676 3411 873 3497 Ἀρτάβαζον
879 3410 961 3496 παρ’
974 3410 1110 3488 αύτούς.
