2620 3924
450 131 639 184 ΔΗΔΒΔΣῙΣ
656 135 682 194 3,
702 135 744 183 12.
1016 131 1078 195 115

113 295 210 355 γυιος
236 266 255 337 6
281 277 451 356 Λαρίχου·
481 271 614 340 τούτων
639 270 678 338 δὲ
705 271 857 358 ἐχόμενοι
882 269 928 352 ὥς
955 273 1011 341 ἐπὶ
1037 271 1076 339 τδ

115 370 294 456 εύόνυμον
307 371 408 458 κέρας
421 376 458 438 οί
469 373 635 440 Θεσσαλοὶ
652 378 778 457 ἱππεῖς,
797 363 846 440 ὧν
858 364 938 461 ἦρχε
952 381 1077 442 Φίλιπ-

116 497 178 551 πος
195 470 214 540 6
233 472 423 540 Μενελάου.
455 473 592 559 ξύμπαν
604 473 643 540 δὲ
659 473 699 540 τδ
713 472 894 560 εύύνυμον
905 465 966 560 ἦγε
979 483 1077 560 Παρ-

115 581 240 660 μενίων
259 571 277 640 6
298 573 453 658 Φιλοίτα,
474 575 533 640 καὶ
550 572 636 660 ἄμφ’
662 571 769 642 αύτδν
792 579 829 642 oc
849 577 918 642 τῶν
938 583 1077 663 Φαρσα-

89 678 234 742 ελίων
219 689 332 752 ιππεῖς
345 679 382 742 οί
396 673 570 760 κράτιστοί
583 676 690 743 τεκαὶ
704 683 856 744 πλεῖστοι
871 677 930 762 τῆς
945 684 1077 746 Θεσσα-

116 777 244 860 λικῆς”
228 799 335 842 ιππου
353 775 612 900 ἀνεστρέφοντο
1088 788 1128 853 12

187 875 275 943 ΗΗ
239 903 302 962 μεν
317 877 373 944 ἐπὶ
386 876 643 962 μετάπουτάξις
653 875 863 968 Ἀλεξάνδρω
877 867 943 946 ὧδε
957 877 1078 946 κεκόσ
1158 881 1162 890 ’

116 995 213 1062 μητο
241 976 377 1056 ἐπέταξε
401 977 520 1046 δὲκαὶ
545 977 708 1066 δευτέραν
731 977 869 1058 τάξιν
843 1005 890 1058 ως
913 977 1078 1065 εἶναιτὴν

116 1075 312 1162 φάλαγγα’
291 1086 519 1166 αμφίστομον.
547 1080 605 1146 καὶ
624 1077 835 1167 παρήγγελτο
852 1094 923 1158 τοῖς
939 1078 1080 1167 ἡγεμόσι

79 1203 104 1241 10
117 1181 185 1244 τῶν
212 1179 498 1265 ἐπιτεταγμένων,
529 1186 561 1248 εί
586 1179 841 1268 κυκλουμένους
871 1179 954 1259 τούς
980 1183 1079 1266 σφῶν

116 1276 184 1346 όπό
198 1281 260 1346 τού
275 1283 445 1367 Περσικοῦ
464 1279 711 1369 στρατεύματος
724 1286 906 1366 κατίδοιεν,
925 1281 1078 1369 ἐπιστρέ-

116 1393 245 1458 ψαντας
264 1383 298 1458 ἐς
315 1381 353 1448 τό
373 1388 516 1468 ἔμπαλιν
532 1380 690 1467 δέχεσθαι
705 1382 788 1462 τούς
805 1381 1018 1470 βαρβάρους·
1044 1385 1077 1460 ές
1095 1399 1112 1448 κ

117 1481 306 1568 ἐπικαμπὴν
320 1481 378 1570 δέ,
396 1492 431 1550 εἴ
448 1506 515 1551 που
533 1481 663 1570 ἀνάγκη
682 1483 934 1571 καταλαμβάνοι
952 1479 972 1568 6
991 1481 1071 1551 άνα·

116 1579 267 1668 πτύξαιῆ
280 1583 474 1669 ξυγκλεῖσαι
485 1580 548 1670 τὴν
559 1585 732 1671 φάλαγγα,
743 1584 828 1653 κατὰ
841 1584 903 1672 μὲν
917 1585 955 1652 τό
969 1579 1079 1663 δεξιόν

79 1706 104 1746 15
117 1683 228 1774 κέρας.
243 1685 394 1772 ἐχόμενοι
424 1687 481 1771 τῆς
506 1687 677 1772 βασιλικῆς
708 1694 781 1773 ἴλης
803 1688 873 1753 τῶν
892 1684 1079 1772 Ἀγριάνων

116 1783 309 1871 ἐτάχθησαν
323 1791 359 1854 οἱ
373 1784 520 1872 ἡμίσεες,
539 1775 588 1853 ὧν
604 1784 718 1872 ἡγεῖτο
729 1784 904 1871 Ἄτταλος,
922 1787 979 1852 καὶ
997 1785 1078 1872 μετὰ

114 1884 249 1952 τούτων
273 1892 309 1954 οἱ
332 1887 532 1965 Μακεδόνες
554 1887 703 1972 τοξόται,
731 1877 780 1954 ὧν
803 1894 940 1974 Βρίσων
965 1877 1078 1973 ἦρχεν,
1175 1911 1179 1919 ·

117 1985 269 2072 ἐχόμενοι
285 1986 324 2056 δέ
336 1990 406 2054 τῶν
419 1989 566 2067 τοξοτῶν
580 1992 616 2054 οί
627 1985 762 2075 ἀρχαῖοι
774 1986 977 2073 καλούμενοι
990 1988 1078 2066 ξένοι

113 2088 173 2154 καὶ
187 2083 301 2175 άρχων
314 2087 447 2156 τούτων
457 2089 661 2175 Κλέανδρος.
688 2087 944 2175 προετάχθησαν
958 2086 1054 2156 66
1009 2114 1077 2156 των
1095 2104 1113 2153 s

78 2213 103 2252 ιο
117 2213 154 2254 τε
163 2185 351 2275 Ἀγριάνων
364 2189 479 2256 καὶ
435 2213 504 2256 των
517 2189 713 2268 τοξοτων“
677 2215 710 2256 οι
723 2215 759 2257 τε
769 2189 954 2314 πρόδρομοι
965 2193 1077 2268 ἱππεῖς

115 2289 173 2354 καὶ
192 2292 228 2356 oc
244 2297 412 2376 Παίονες,
436 2279 485 2356 ὧν
505 2287 640 2414 Ἀρέτης
664 2290 721 2357 καὶ
735 2281 938 2378 'Apioww‘
918 2292 1076 2377 ηγοῦντο.

114 2388 320 2475 ξυμπάντων
344 2388 382 2456 δὲ
409 2391 669 2476 προτεταγμένοι
699 2380 786 2476 ἦσαν
812 2395 849 2458 οί
875 2391 1079 2480 μισθοφόροι

116 2494 249 2575 ἱππεῖς,
279 2516 328 2557 ων
352 2481 555 2569 Μενίδας
536 2516 624 2579 ηρχε.
660 2493 719 2577 τῆς
747 2490 786 2559 δέ
809 2495 980 2579 βασιλικῆς
1005 2499 1078 2579 ἴλης
1120 2563 1124 2572 ,

114 2590 237 2658 καὶ
191 2615 260 2657 των
278 2587 428 2658 ἄλλων
411 2598 554 2678 εταίρων
574 2593 835 2679 προτεταγμένοι
852 2583 938 2678 ἦσαν
955 2595 1025 2660 τόν
1042 2618 1078 2661 τε

72 2715 101 2756 ιε
111 2689 300 2778 Ἀγριάνων
318 2693 375 2759 καὶ
392 2689 537 2769 τοξοτῶν
555 2697 592 2759 οι
606 2689 751 2779 ἡμίσεες,
769 2693 827 2760 καὶ
845 2718 878 2760 οι
871 2693 1076 2780 Βαλάκρου

114 2789 323 2860 ἀκοντισταί·
351 2783 445 2860 οὗτοι
462 2793 546 2860 κατά
569 2793 609 2860 τόι
628 2790 759 2881 ἅρματα
776 2792 817 2860 τά
836 2793 1077 2879 δρεπανηφόρα

115 2892 300 2978 ἐτετάχατο.
337 2898 474 2983 Μενίδᾳ
492 2893 531 2962 δὲ
548 2895 693 2972 καὶτοῖς
712 2891 797 2980 ἀμφ’
819 2891 926 2961 αὐτόν
945 2893 1111 2981 παρήγ-λ

114 3001 231 3080 γελτο,
255 3001 287 3062 εί
304 2993 554 3082 περιϊππεύοιεν
573 3000 608 3064 oc
624 2995 775 3082 πολέμιοι
790 2992 829 3062 τὸ
847 2995 947 3082 κέρας
967 2997 1077 3082 σφόν,

115 3096 150 3172 ἐς
176 3102 342 3179 πλαγίους
369 3094 545 3182 ἐμβάλλειν
572 3093 699 3175 αύτούς
728 3095 990 3182 ἐπικάμψαντας.
1035 3095 1076 3164 τά

71 3221 99 3262 εο
113 3193 177 3281 μὲν
203 3197 258 3264 ἐπὶ
284 3199 345 3264 τοῦ
366 3196 475 3276 δεξιοῦ
494 3196 599 3282 κέρως
618 3193 725 3275 οὕτως
745 3198 898 3264 ἐτέτακτο
919 3195 1075 3276 Ἀλεξάν-

114 3299 201 3386 δρῳ·
221 3295 305 3364 κατὰ
324 3296 362 3365 δέ
379 3296 417 3365 τὸ
433 3293 613 3382 εύάνυμον
633 3299 666 3375 ἐς
682 3295 870 3384 ἐπικαμπὴν
885 3302 967 3366 οἵτε
981 3302 1069 3386 Θρᾷ-

112 3421 169 3478 κες
189 3397 382 3486 ἐτετάχατο,
401 3387 449 3466 ὧν
466 3395 579 3486 ἡγεῖτο
599 3397 777 3485 Σιτάλκης,
794 3399 852 3466 καὶ
872 3399 927 3466 ἐπὶ
945 3397 1076 3478 τούτοις

888 3507 924 3558 81
