2546 3920
195 143 264 210 314
551 135 805 197 εοοωουοοου

196 297 438 388 ἐμβαλλόντων
462 303 512 380 είς
543 295 667 386 αὐτόν·
712 299 750 366 aa
777 296 940 382 Βάκτρων
971 295 1035 384 μὲν
1055 290 1174 385 Ὦξος,

198 403 352 488 μέγιστος
377 401 447 468 τῶν
468 397 636 468 ’Λσιανῶν
661 403 834 486 ποταμῶν,
862 397 952 484 πλήν
977 423 1018 484 γε
1034 397 1078 485 δὴ
1098 401 1173 467 τῶν

195 499 326 588 Ἰνδῶν,
341 503 466 590 ἐξίησιν
479 503 512 580 ίς
525 499 653 588 ταύτην
665 499 727 588 τὴν
738 498 930 586 θάλασσαν,
944 497 1001 567 διά
1012 501 1172 568 Σκυθῶν

199 601 238 671 δὲ
260 601 442 691 Ἰαξάρτης·
468 602 526 670 παλ
552 599 614 668 τόν
631 595 770 689 Ἀράξην
796 598 835 669 δδ
852 597 913 668 τόν
931 601 965 682 ἐξ
982 597 1171 688 Ἀρμενίων

200 704 321 788 ῥέοντα
338 704 373 783 ἐς
388 700 518 790 ταύτην
535 700 708 790 ἐσβάλλειν
724 698 744 768 6
762 705 889 769 πλείων
905 696 1007 786 λόγος
1024 701 1196 787 κατέχετε

159 805 348 891 4μέγιστοι
372 801 436 891 μδν
461 794 569 871 οὗτοι·
609 800 727 872 πολλοὶ
754 800 794 870 δὲ
819 800 861 887 66
887 801 944 869 καὶ
963 799 1060 870 ἄλλοι
1075 807 1115 882 ἔς
1132 827 1170 869 τε

198 904 342 984 τούτους
375 901 598 991 ἐμβάλλοντες
624 903 683 972 καὶ
708 897 807 970 αότολ
833 902 889 970 ἐπὶ
916 905 1016 989 σφῶν
1042 904 1078 982 ἐς
1104 902 1170 989 τὴν

198 1004 377 1074 θάλασσαν
401 1001 528 1091 ταύτην
556 1003 693 1090 ἐξιᾶσιν,
719 1007 756 1072 oc
769 1001 832 1092 μὲν
849 1001 907 1070 καλ
923 1002 1171 1090 γινωσκόμενα

199 1106 285 1194 πρός
317 1108 388 1173 τῶν
412 1102 498 1192 ἄμφ’
521 1101 743 1193 Ἀλέξανδρον
770 1102 985 1174 ἐπελθόντων
1010 1103 1053 1172 τά
1081 1109 1169 1191 ἔθνη

200 1211 319 1293 ταῦτα,
345 1210 383 1274 οἱ
404 1203 444 1274 δὲ
468 1203 552 1273 ιιατά
578 1203 620 1274 τά
647 1203 702 1274 ἐπ’
731 1205 843 1273 ἐκεῖνα
866 1206 928 1272 τοῦ
947 1204 1092 1292 κόλπου,
1122 1203 1168 1284 ῶς
1183 1235 1207 1274 ιο

200 1306 302 1393 εἰκός,
330 1304 377 1394 [ἐς
394 1303 475 1386 τοός
494 1305 637 1386 Στόθας
653 1301 735 1386 νοός
753 1301 931 1393 Νομάδας]
950 1301 971 1374 6
988 1303 1031 1393 66
1049 1302 1168 1392 άγνω-

200 1427 283 1476 στου
308 1405 419 1494 πάντη
446 1409 548 1476 ἐστίν.

160 1519 181 1570 υ
269 1503 491 1593 Ἀλέξανδρος
516 1505 556 1575 δὲ
582 1533 628 1586 τις
652 1505 714 1575 τὸν
745 1511 893 1595 Τίγρητα
919 1504 1073 1594 ποταμόν
1100 1499 1167 1588 ξάυ

198 1611 243 1695 τῇ
260 1609 397 1697 στρατιᾷ
416 1607 509 1695 διέβη
527 1604 682 1675 όλαόνων
701 1606 756 1676 ἐπὶ
773 1608 993 1695 Βαβυλῶνος,
1012 1609 1167 1676 ἐνταῦθα

200 1705 464 1795 ἐντυγχάνουσιν
478 1703 573 1798 αὐτῷ
583 1710 765 1778 Χαλδαίων
778 1710 815 1775 ol
825 1706 942 1793 λόγιοι,
956 1708 1014 1776 aaz
1027 1705 1165 1794 άπαγα-
1178 1736 1202 1778 15

199 1807 316 1896 γόντες
333 1806 400 1878 ἀπό
425 1813 496 1878 τῶν
522 1808 664 1897 ἑταίρων
690 1808 825 1878 ἐδέοντο
852 1809 1000 1894 ἐπισχοῑν
1025 1807 1090 1895 τὴν
1110 1811 1183 1877 ίτλ

199 1911 405 1999 Βαβυλῶνος
438 1914 561 1980 ἔλασιν.
614 1906 730 1995 λόγιον
754 1908 820 1996 γάρ
846 1907 1020 1994 γεγονέναι
1046 1915 1175 1997 σφίσιν.

201 2012 238 2079 ἐν
262 2013 324 2080 τοῦ
350 2012 436 2080 θεοῦ
461 2012 523 2079 τοῦ
548 2008 663 2096 Βήλου
689 2007 734 2096 μὴ
761 2008 846 2099 πρός
872 2007 1008 2095 άγαθοῦ
1028 2015 1064 2098 οἱ
1079 2007 1166 2078 εἶναι

162 2109 263 2199 οτην
289 2109 443 2201 πάροδον
467 2108 531 2198 τὴν
557 2109 591 2188 ίς
608 2113 800 2196 Βαβυλῶνα
819 2112 856 2179 ἐν
872 2113 919 2202 τῷ
936 2109 1020 2180 τότε.
1046 2111 1108 2180 τόν
1126 2111 1164 2180 δὲ
1254 2105 1255 2187 λ

199 2209 449 2299 ἀποκρίνασθαι
479 2208 596 2290 αὐτοῖς
628 2208 729 2298 λόγος
763 2208 849 2299 [τοῦ]
877 2205 1069 2301 Εὐριπίδου
1100 2215 1164 2281 τοῦ
1176 2239 1202 2279 το

197 2314 339 2401 ποιητοῦ
367 2317 461 2392 ἔπος·
501 2316 568 2397 ἔχει
593 2309 633 2378 δε
657 2309 695 2379 τό
724 2317 804 2392 ἔπος
831 2307 1003 2402 Εὐριπίδη
1030 2302 1112 2381 ῶδε

301 2411 435 2492 Μάντις
462 2406 495 2480 δ’
521 2409 654 2501 ἄριστος
680 2408 770 2492 ὅστις
796 2411 916 2494 εἰκάζει
942 2415 1062 2492 καλῶς.

196 2509 243 2582 σά
272 2503 376 2599 δί,·’
325 2537 377 2579 ω
402 2516 560 2601 βασιλεῦ,
588 2516 720 2600 ἔφασαν
745 2539 779 2582 οι
805 2516 981 2599 Χαλδαῖοι,
1007 2511 1053 2601 μὴ
1079 2514 1164 2636 πρὸς

199 2609 379 2701 δυσμάς’
358 2617 500 2702 αφορῶν
532 2609 635 2694 αότός
667 2613 751 2701 μηδὲ
782 2613 844 2700 τὴν
870 2610 1029 2702 στρατιάν
1055 2614 1161 2702 ταύτῃ

200 2713 426 2802 ἑπέχουσαν”
404 2741 499 2802 αγων
515 2722 714 2803 παρελθεῖν·
740 2711 825 2783 άλλά
840 2711 1066 2802 ἐκπεριελθῶν
1079 2714 1163 2799 πρὸς
1177 2748 1202 2790 2⁵

162 2818 222 2877 '²'
202 2843 245 2886 εω
262 2821 403 2903 μᾶλλον.
442 2817 491 2908 τῷ
516 2814 555 2883 δε
573 2813 655 2884 0666
675 2817 774 2883 τοῦτο
791 2811 957 2938 εὐμαρὲς
954 2816 1009 2883 διά
1028 2819 1163 2900 δυσχω-

200 2921 280 3004 ρίαν
305 2915 445 3005 ξυνέβη
486 2907 619 2984 άλλά
599 2941 659 3003 ηγε
676 2913 741 3004 γάρ
759 2911 866 2984 αὐτόν
890 2915 997 3004 ταότη
1023 2914 1061 2984 τό
1089 2919 1164 2984 δαι-

198 3015 319 3103 μόνιον
346 3008 369 3140 ᾗ
395 3016 610 3105 παρελθόντα
636 3018 748 3140 62666
769 3009 834 3104 ἤδη
860 3021 1062 3103 τελευτῆσαι
1108 3022 1168 3086 καί

196 3141 267 3186 που
280 3117 387 3204 τυχὸν
400 3115 492 3186 οιαὶ”
470 3115 715 3222 αμεινοναότῷ
727 3107 771 3204 ἦν
785 3115 856 3185 ἐν’
835 3117 927 3206 ακμῇ
940 3121 1029 3241 τῆς
1012 3143 1049 3186 τε
1061 3114 1164 3205 ἄλλης

198 3215 300 3303 δόξης
317 3217 374 3285 καὶ
391 3218 451 3286 τοῦ
469 3215 582 3285 πόθου
607 3215 669 3284 τοῦ
691 3239 759 3305 παρ
766 3214 994 3335 ’άνθρόπων
1009 3204 1161 3306 διπηλλά-
1173 3255 1199 3296 ω

196 3326 292 3402 χθαι,
318 3322 401 3400 πρίν
425 3341 500 3384 τινα
526 3318 691 3403 ξυμβῆναι
717 3315 809 3408 οὕτω
794 3319 1007 3406 ’ξυμφοράν
1024 3317 1159 3444 ἄνθρω-

197 3421 316 3501 πίνην,
349 3404 390 3500 ἧς
423 3417 520 3484 ἕνεκα
546 3417 604 3484 καὶ
630 3415 775 3484 Σόλωνα
802 3424 950 3510 Κροίσῳ
967 3419 1165 3510 παραινέσαι

1251 2465 1253 2524 Ι
