2620 3924
219 169 280 234 150
571 163 822 226 ΑΛΕΞΑΝΔΡοω

99 395 102 400 .
217 327 280 416 μὲν
314 325 382 396 ὑπό
417 331 479 394 τοῦ
511 323 666 412 πλήθους
700 329 769 393 τῶν
801 326 910 410 βελῶν
938 321 1118 412 ἐγυμνώθη
1146 321 1184 390 τὰ

217 442 326 514 τεῖχος
352 431 422 495 τῶν
448 427 725 515 προμαχομένων,
752 437 866 511 ταχεῖα
892 422 931 492 δέ
957 421 978 511 ἡ
1003 419 1185 510 πρόσθεσις

218 534 288 597 τῶν
314 526 485 615 κλιμάκων
511 527 569 595 καί
593 525 615 613 ἡ
642 523 802 613 ἀνάβασις
828 527 896 594 τῶν
924 524 1137 595 Μακεδόνων
1163 521 1184 611 ἡ

184 644 201 693 4
220 630 274 698 ἐπὶ
291 627 328 696 τδ
346 642 452 716 τεῖχος
471 629 630 713 ἐγίγνετο.
670 625 752 706 τοάς
769 626 832 715 μὲν
850 624 892 713 δὴ
910 623 1038 713 ἄνδρας
1057 624 1185 705 πάντας

218 727 429 816 άπέκτειναν,
456 723 564 808 οὕτως
588 730 621 809 έξ
636 722 858 814 Ἀλεξάνδρου
877 727 1212 815 προστεταγμένον·ι

218 843 382 916 γυναῖκας
421 828 459 898 δὲ
495 828 552 897 καὶ
590 833 713 908 παῖδας
752 828 809 896 καί
848 825 910 914 τὴν
947 825 1052 915 άλλην
1091 832 1185 896 λείαν

219 929 417 1019 διήρπασαν.
447 935 548 998 ἔνθεν
574 928 612 998 δὲ
643 925 752 1008 εόθδς
769 922 850 1017 ἦγεν
873 927 928 998 ἐπὶ
944 925 1005 1016 τὴν
1023 929 1186 1014 δευτέραν

218 1030 280 1101 ἀπ’
310 1035 437 1119 ἐκείνης
455 1029 555 1126 πόλιν
574 1029 777 1122 ᾠκισμένην·
804 1029 861 1097 καὶ
877 1028 1004 1118 ταύτην
1025 1033 1073 1120 τῷ
1091 1027 1185 1118 αὐτῷ

218 1159 254 1202 τε
279 1133 393 1225 τρόπω
419 1131 476 1200 καὶ
508 1136 551 1220 τῇ
578 1127 662 1220 αὐτῇ
690 1129 798 1221 ἡμέρη
832 1128 994 1217 λαμβάνει
1019 1131 1075 1198 καί
1105 1127 1186 1208 τοδς

219 1226 361 1312 άλόντας
399 1231 441 1301 τά
473 1227 559 1301 αότά
598 1233 749 1320 ἔπραξεν.
801 1227 820 1298 ὁ
854 1229 892 1299 δὲ
922 1223 1006 1318 ἦγεν
1038 1230 1093 1298 ἐπὶ
1125 1229 1186 1316 τὴν
1200 1261 1225 1301 ιο

218 1339 334 1421 τρίτην
352 1330 461 1420 πόλιν,
479 1333 537 1402 καί
554 1332 679 1422 ταύτην
696 1337 739 1423 τῇ
756 1327 917 1422 ὑστεραίᾳ
936 1331 991 1399 ἐπὶ
1008 1337 1050 1420 τῇ
1069 1330 1184 1420 πριότη

220 1437 394 1525 προσβολῇ
422 1429 523 1504 εἷλεν.

186 1553 202 1602 ο
291 1531 347 1604 Ἐν
380 1524 406 1624 ᾧ
441 1534 479 1602 δὲ
514 1529 616 1614 ου’τδς
649 1532 713 1614 ξδν
737 1546 807 1614 τοῖς
834 1540 941 1616 πεζοῖς
968 1528 1054 1620 άμφὶ
1080 1537 1186 1602 ταῦτα

221 1632 307 1722 εἶχε,
335 1633 413 1714 τούς
442 1636 561 1716 ίππέας
589 1634 748 1723 ἐκπέμπει
775 1636 808 1714 ές
834 1632 896 1713 τάς
923 1632 986 1702 δυό
1013 1631 1073 1712 τάς
1099 1641 1186 1721 πλη·
1299 1657 1300 1660 ’

221 1741 297 1804 σίον
324 1734 455 1821 πόλεις,
489 1735 675 1823 προστάξας
702 1733 973 1824 παραφυλάττειν
1008 1733 1089 1814 τοάς
1123 1735 1226 1804 viv-15

219 1832 384 1924 θράτους
397 1834 475 1916 τούς
496 1841 606 1922 ἔνδον,
625 1835 751 1924 μήποτε
769 1833 831 1923 τὴν
848 1833 974 1903 ἅλωσιν
992 1834 1187 1922 αίσθόμενοι

219 1941 289 2005 τῶν
322 1943 467 2026 πλησίον
493 1935 624 2006 πόλεων
656 1936 713 2004 καὶ
739 1935 807 2023 άμα
833 1933 896 2022 τὴν
927 1933 1035 2004 αὑτοῦ
1061 1932 1102 2004 ου’
1130 1933 1184 2003 διά

101 2080 103 2085 ·
220 2043 352 2127 μακροῦ
380 2041 515 2125 ἔφοδον,
542 2043 579 2106 ολ
602 2037 640 2104 δὲ
667 2039 700 2116 ές
726 2035 841 2125 φυγὴν
866 2036 1046 2124 τραπέντες
1068 2033 1187 2124 άποροι

221 2138 315 2230 αὐτῷ
353 2137 484 2206 διώκειν
520 2138 693 2223 γένωνται.
756 2137 812 2204 καὶ
851 2136 973 2224 ξυνέβη
1005 2135 1044 2204 δέ
1078 2131 1186 2215 οὕτως

220 2237 311 2318 ὅπως
329 2247 450 2324 είκασε,
477 2238 535 2305 καί
562 2239 599 2306 έν
626 2237 736 2306 δέοντι
763 2237 894 2323 ἐγένετο
920 2234 1013 2328 αὐτῷ
1031 2233 1051 2324 ἡ
1071 2236 1226 2324 πομπηέο

186 2359 204 2408 6
221 2341 289 2407 τῶν
316 2339 455 2407 ἱππέων.
500 2342 536 2406 οἱ
559 2338 625 2426 γάρ
651 2334 709 2418 τάς
728 2337 791 2406 δύο
809 2336 869 2416 τάς
887 2334 983 2406 οὕτω
1003 2339 1187 2416 ἑαλωκυίας

222 2439 337 2518 πόλεις
356 2444 488 2525 ἔχοντες
514 2443 582 2508 τῶν
608 2437 803 2527 βαρβάρων,
831 2431 876 2517 εδς
893 2437 1025 2507 καπνόν
1042 2465 1077 2508 τε
1095 2437 1187 2508 εἶδον

221 2537 288 2610 άπδ
314 2541 371 2626 τῆς
398 2537 464 2629 πρὸ
492 2545 589 2626 σφων
607 2537 733 2618 πόλεως
757 2540 1084 2628 ἐμπιπραμένηςκαί
1098 2565 1185 2620 τινες

220 2642 279 2709 καὶ
305 2635 371 2708 άπὸ
389 2644 449 2710 τοῦ
468 2639 602 2721 πάθους
620 2635 728 2708 αάτοῦ
747 2639 968 2726 διαφυγόντες
986 2635 1187 2727 αὐτάγγελοι

220 2746 278 2830 τῆς
310 2739 465 2822 άλάσεως
500 2743 672 2827 ἐγένοντο,
706 2737 751 2822 ως
782 2740 905 2827 τάχους
937 2737 1069 2810 ἕκαστον
1096 2740 1187 2829 εἶχον
1201 2768 1226 2809 τε

220 2841 344 2932 άβρόοι
370 2843 499 2912 ἐκτῶν
525 2842 657 2912 πόλεων
683 2840 867 2929 φεύγοντες
894 2839 1115 2928 έμπίπτούσιν
1139 2848 1187 2922 εἰς

220 2942 259 3012 τὸ
286 2956 404 3030 στῖφος
430 2949 499 3012 τῶν
528 2945 657 3014 ίππέων
684 2943 948 3029 ξυντεταγμένον
974 2943 1030 3010 καὶ
1047 2941 1186 3011 κατεκό-

222 3064 333 3132 πησαν
360 3048 396 3111 οἱ
419 3052 567 3113 πλεῖστοι
594 3042 717 3112 αὐτῶν.
948 3118 952 3124 ,

187 3140 208 3204 3
300 3139 398 3215 Οὕτω
431 3143 473 3232 δὴ
506 3143 566 3224 τάς
592 3146 691 3213 πέντε
717 3142 831 3226 πόλεις
858 3146 895 3214 έν
921 3145 1022 3214 δυσὶν
1052 3142 1188 3234 ἡμέραις

224 3243 309 3314 έλάν
347 3269 383 3312 τε
422 3246 478 3314 καὶ
519 3245 886 3335 ἐξανδραποδισάμενος
933 3243 988 3336 ᾔει
1030 3247 1084 3315 ἐπὶ
1124 3237 1227 3332 τῆυει
1299 3303 1300 3314 .

221 3351 382 3431 μεγίστην
415 3343 529 3414 αὐτῶν
562 3345 624 3434 την
657 3345 887 3434 Κυρούπολιν.
935 3344 956 3434 ἡ
989 3346 1027 3415 δὲ
1052 3373 1188 3434 τετειηι·
1299 3351 1300 3358 ’

223 3445 326 3532 σμέυη
353 3470 389 3512 τε
415 3437 459 3532 ἦν
475 3441 674 3540 ὑψηλοτέρῳ
691 3453 789 3534 τείχει
811 3444 897 3536 ἥπερ
924 3451 963 3515 αί
986 3439 1100 3534 άλλαι,
1133 3442 1189 3517 οἷα
