2632 3922
404 215 413 232 ·
478 146 663 199 καλειται
681 149 710 210 ι,
730 150 771 199 ιε.
1040 145 1107 212 225

132 307 205 374 τών
232 307 270 374 έν
295 307 337 392 τῇ
365 303 481 394 πρώτη
509 310 686 394 προσβολῇ
711 304 906 392 γενομένων
925 305 959 383 ές
976 301 1104 392 ἀγδοή-

133 429 238 476 κοντα
263 405 406 493 μάλιστα
425 400 617 474 ἀπέθανον*
648 411 760 485 ἱππεῖς
778 403 817 474 66
834 405 903 473 τών
921 403 984 492 μὲν
1000 409 1104 474 ι’ππο·

134 507 294 592 τοξοτῶν,
313 513 350 574 οἳ
365 506 407 592 δὴ
424 508 481 574 καὶ
500 508 625 594 πρώτω
643 512 704 574 τοῦ
724 512 824 594 ἔργου
842 504 987 593 ἥψαντο,
1005 507 1103 574 δέκα·

135 611 196 694 τῆς
223 605 262 675 66
290 607 455 694 ἑταιρικῆς
482 611 591 676 ἵππου
618 605 706 696 ἀμφὶ
731 604 813 686 τούς
832 615 951 675 εἴκοσι·
978 609 1047 674 τῶν
1064 605 1105 676 66

107 706 251 777 εάλλων
280 708 411 776 ἱππέων
438 705 483 787 ώς
510 707 684 776 διακόσιοι.

219 809 337 898 Πῶρος
363 807 402 877 66
426 807 553 896 μεγάλα
580 815 662 898 ἔργα
689 811 725 878 ἐν
748 811 790 897 τῇ
808 807 899 898 μάχη
918 803 1139 889 &mosceti-4
1176 817 1180 824 '

135 936 237 998 μενος
274 907 320 997 μὴ
351 906 401 978 ὅτι
433 912 640 998 στρατηγοῦ,
682 909 768 978 ἀλλά
800 911 857 978 καὶ
896 908 1102 1000 στρατιώτου

136 1015 319 1097 γενναίου,
346 1009 393 1089 ώς
419 1012 487 1079 τών
513 1037 549 1079 τε
576 1012 708 1079 ίππέων
733 1009 796 1078 τάν
828 1009 938 1097 φόνον
969 1014 1103 1078 κατεῖδε

137 1111 290 1179 καὶτῶν
326 1109 520 1197 ἐλεφάντών
544 1109 627 1190 τούς
649 1111 712 1198 μέν
738 1111 847 1180 αύτοῦ
874 1110 1101 1198 πεπτωκότας,

96 1235 124 1276 ιο
137 1210 218 1291 τούς
243 1210 282 1280 66
310 1211 455 1299 ἐρήμους
478 1215 548 1280 τών
565 1209 740 1299 ἡγεμόνων
758 1212 911 1300 λυπρούς
929 1219 1103 1298 πεπλανη-

137 1314 274 1400 μένους,
293 1316 364 1380 τών
381 1311 419 1381 6
437 1313 543 1394 πεζών
561 1310 654 1404 αύτῷ
673 1339 691 1380 ο
695 1317 859 1393 ίπλείους
871 1310 1102 1399 ἀπολώλεσαν,

137 1411 202 1500 ούχ
227 1402 316 1501 ᾗπερ
335 1424 480 1500 Δαρεῖος
506 1411 526 1481 6
552 1381 657 1537 μέγύς
682 1411 841 1501 βασιλεύς
864 1413 1014 1502 ἐξάρχων
1031 1425 1102 1491 τοίς

137 1511 224 1601 ἀμφ’
254 1512 362 1582 αύτὸν
387 1516 446 1602 τῆς
472 1515 586 1600 φυγῆς
609 1511 795 1602 ἀπεχώρει,
822 1512 908 1582 ἀλλά
937 1520 1011 1582 ἐστε
1036 1513 1139 1600 γάρσ

137 1613 289 1702 ύπέμενέ
311 1637 342 1682 τι
367 1617 436 1682 τών
457 1612 577 1684 Ἰνθών
602 1616 639 1684 ἐν
656 1619 701 1703 τῇ
717 1614 807 1703 μύχη
826 1614 1041 1702 ξυνεστηκός,
1070 1617 1103 1693 ἐς

99 1737 127 1779 ιο
140 1715 281 1784 τοσόνδε
307 1711 579 1803 ἀγωνιούμενος,
608 1718 815 1803 τετρωμένος
842 1714 881 1782 δὲ
906 1714 966 1782 τάν
993 1715 1104 1793 δεξιὸν

141 1807 245 1904 ὦμον,
272 1811 312 1884 ὃν
329 1813 371 1902 δὴ
389 1815 523 1903 γυμνὸν
547 1815 656 1904 μόνον
684 1822 769 1903 ἔχων
796 1820 834 1885 ἐν
855 1817 897 1903 τῇ
916 1813 1004 1903 μάχη
1023 1813 1101 1884 ἀνε-

140 1919 301 2006 στρέφετο
329 1914 410 2004 (ἀπὸ
437 1915 504 2007 γάρ
521 1919 583 1986 τού
602 1915 709 1986 ἀλλου
728 1916 881 2003 σώματος
898 1914 992 2003 ἤρκει
1010 1914 1103 1984 αὐτώ

140 2016 182 2086 τά
208 2019 291 2106 βέλη
317 2016 336 2086 6
362 2017 491 2106 θώραξ,
518 2016 672 2106 περιττὰς
700 2013 747 2086 ών
765 2016 850 2084 κατά
867 2042 904 2084 τε
920 2016 984 2102 τὴν
1003 1989 1104 2102 ἰσχύν

140 2117 198 2188 καὶ
210 2119 273 2205 τὴν
286 2116 508 2206 ἁρμονίαν,
482 2145 528 2199 ως
540 2117 686 2205 ὕστερον
700 2128 908 2206 καταμαθεῖν
921 2118 1105 2207 θεωμένοις

101 2211 212 2308 νην),
242 2218 318 2288 τότε
343 2217 385 2307 δὴ
411 2219 468 2288 καὶ
495 2215 599 2299 αύτὸς
625 2216 790 2308 ἀπεχώρει
817 2217 1080 2306 ἐπιστρέψας
1044 2244 1104 2287 τον

143 2321 319 2407 ἐλέφαντα.
345 2322 403 2388 καὶ
418 2319 636 2410 Ἀλέξανδρος
652 2323 760 2408 μέγαν
777 2345 813 2388 τε
830 2313 938 2388 αύτὸν
955 2326 1014 2388 καί
1025 2346 1104 2405 γεν-
1122 2349 1140 2397 ς

141 2437 241 2490 ναῖον
266 2419 377 2509 ἀνδρα
405 2421 489 2490 ίθών
516 2424 554 2490 έν
580 2425 623 2511 τῇ
653 2422 743 2510 μάχη
771 2422 876 2490 σώσαι
903 2420 1103 2508 ἐπεθύμησε.

142 2523 264 2610 πέμπει
295 2522 338 2609 δὴ
371 2521 451 2609 παρ’
487 2521 593 2592 αὐτὸν
625 2529 741 2612 πρῶτα
773 2521 835 2609 μέν
868 2521 1012 2609 Ταξίλην
1045 2521 1106 2590 τόν

139 2619 242 2692 Ἰέόν·
298 2621 356 2691 καὶ
395 2623 537 2710 Ταξίλης
578 2621 833 2711 προσιππεύσας
867 2619 922 2710 ἐφ’
959 2619 1040 2692 ὅσον
1073 2627 1110 2693 οἱ

103 2742 130 2784 2⁵
143 2721 292 2810 ἀσφαλές
318 2724 474 2811 ἐφαίνετο
491 2727 538 2814 τῷ
559 2725 716 2809 ἐλέφαντι
733 2721 770 2804 ὃς
788 2729 886 2811 ἔφερε
902 2722 963 2791 τὸν
981 2725 1106 2810 Πῶρον
1217 2810 1221 2815 ¹

144 2825 322 2911 ἐπιστῆσαί
344 2849 380 2892 τε
404 2823 502 2908 ἠξίου
528 2820 566 2892 τά
592 2832 728 2912 θηρίον,
754 2822 796 2893 ού
815 2823 881 2911 γάρ
900 2823 991 2892 εἷναί
1006 2829 1043 2892 οι*
1059 2831 1106 2892 ἔτι

143 2924 295 3012 φεύγειν,
322 2923 379 2992 καί
396 2923 540 2993 ἀκοῦσαι
556 2928 625 2994 τών
643 2924 723 3013 παρ’
737 2924 964 3012 ΙἈλεξάνδρου
983 2925 1104 3010 λόγων.

143 3025 161 3096 6
189 3024 228 3094 δὲ
255 3025 339 3094 ἰδών
365 3023 476 3114 ἀνδρα
503 3026 629 3114 ἐχθρὸν
656 3029 693 3096 ἐκ
711 3032 857 3096 παλαιοῦ
875 3025 936 3093 τὸν
960 3027 1139 3114 Ταξίληνκ

145 3126 346 3214 ἐπιστρέψας
380 3126 524 3214 ἀνήγετο
557 3127 603 3209 ώς
639 3127 845 3197 ἀκοντίσων·
885 3125 942 3194 καὶ
973 3123 1017 3194 ἀν
1049 3130 1107 3197 καὶ

105 3229 325 3297 νκατέκανεν
350 3229 473 3316 τυχόν,
500 3236 533 3298 εί
556 3229 601 3316 μὴ
626 3227 835 3317 ὑποφθάσας
864 3230 992 3307 ἐκεῖνος
1018 3227 1106 3314 ἀπή·
1121 3293 1140 3321 ⁰.

145 3337 245 3398 λασεν
279 3327 348 3398 ἀπὸ
382 3332 444 3398 τού
473 3330 600 3417 Πώρου
633 3330 749 3418 πρόσω
776 3329 837 3397 τὸν
864 3332 979 3396 ἵππον.
1012 3325 1106 3398 Ἀλέ-

145 3429 287 3518 ξανδρος
313 3430 351 3500 66
377 3429 459 3500 0666
487 3431 542 3499 ἐπὶ
561 3434 648 3522 τῷδε
671 3434 719 3522 τῷ
739 3430 852 3522 Πώρφ
869 3428 1013 3518 χαλεπὸς
1032 3430 1108 3514 ἐγέ-

195 3550 323 3592 Anum.
874 3545 906 3594 15
