2620 3924
495 176 678 226 ANAssAzm
696 179 720 239 3,
740 179 763 230 ο.
1048 172 1107 236 101

150 315 361 396 ἀποστάντας
380 319 522 404 Περσῶν
541 323 637 402 σφίσι
650 316 862 403 προσθέσθαι
879 311 951 402 (καί
969 314 1033 403 γάρ
1052 315 1110 383 καλ

151 417 293 496 ἄκοντας
319 413 465 505 Πέρσαις
489 415 740 505 προσχωρῆσαι)
764 417 821 484 καὶ
847 425 942 486 Χίων
965 414 1015 484 ότι
1031 412 1109 502 δηό

150 523 254 606 δῆμος
275 519 458 606 ἐπηγάγετο
472 519 561 605 σφᾶς
578 525 638 606 βίᾳ
655 521 725 584 τῶν
743 517 952 602 κατεχόντων
970 516 1031 602 τὴν
1045 517 1110 584 πόρ

152 629 215 707 λιν,
225 615 286 698 οὓς
298 617 566 708 Αὐτοφραδάτης
575 645 610 686 τε
619 619 676 686 καὶ
685 618 903 707 Φαρνάβαζος
911 619 1110 704 έγκατέστη-
1127 629 1144 678 4

123 743 138 782 ⁵
152 740 230 789 σαν·
250 719 379 788 άλῶναι
396 719 434 790 δὲ
452 719 574 788 αύτόθι
591 721 648 787 καὶ
664 719 884 809 Φαρνάβαζον
900 722 1111 806 ἐγκαταληφ-

151 823 258 892 θέντα
275 824 332 889 καί
353 819 579 909 Ἀριστόνικον
598 829 833 908 Μηθυμναῖον
856 819 917 888 τόν
939 819 1111 909 τύραννον

154 922 385 992 ἐσπλεύσαντα
410 925 443 1000 ἐς
467 921 527 989 τόν
549 923 666 1008 λιμένα
683 924 741 1006 τῆς
759 929 847 990 Χίου
866 921 929 1002 ξύν
946 919 1111 1008 ἡμιολίαις

153 1031 346 1115 λῃστρικαῖς
371 1024 488 1108 πέντε,
510 1021 580 1090 ύπδ
605 1026 703 1108 σφῶν
724 1021 883 1109 ἐχόμενον
909 1020 971 1090 τόν
995 1023 1114 1108 λιμένα

154 1122 194 1192 ού
221 1123 367 1210 γνόντα,
394 1122 469 1191 ἄλλ’
503 1124 753 1210 ἐξαπατηθέντα
776 1123 842 1210 γὰρ
868 1123 952 1211 πρὸς
976 1127 1046 1190 τῶν
1069 1122 1113 1190 τὰ,

110 1246 139 1285 1⁰
155 1233 295 1313 κλεῖθρα
322 1223 467 1310 ἐχόντων
492 1229 553 1291 τοῦ
578 1225 729 1311 λιμένος,
754 1221 804 1291 ότι
826 1223 865 1291 τό
891 1223 1111 1310 Φαρναβάζου
1141 1285 1142 1288 ,

154 1324 219 1412 άρα
236 1324 398 1394 ναυτικόν
422 1323 520 1412 ὁρμεῖ
538 1327 574 1392 έν
593 1323 699 1414 αὐτῷ·
731 1326 789 1392 καὶ
807 1322 887 1403 τούς
905 1323 967 1411 μὲν
987 1323 1111 1410 λῃστάς
1129 1332 1159 1381 θ’

154 1427 282 1506 πάντας
297 1424 404 1493 αὐτοῦ
420 1430 649 1510 κατακοπῆναι
663 1425 748 1510 πρός
762 1429 872 1511 σφῶν,
887 1423 1113 1513 Ἀριστόνικον

155 1526 192 1594 δὲ
205 1518 266 1612 ἦγε
280 1525 361 1612 παρ’
379 1525 598 1615 Ἀλέξανδρον
612 1527 670 1593 καὶ
685 1525 938 1614 Ἀπολλωνίδην
951 1525 1012 1593 τόν
1027 1535 1113 1594 Χῖον

155 1629 211 1695 καὶ
232 1627 372 1696 Φισινόν
390 1629 447 1695 καὶ
465 1628 626 1715 Μεγαρέα
643 1628 701 1696 καλ
718 1627 799 1705 τούς
823 1625 947 1706 άλλους
966 1624 1038 1699 ὅσοι
1055 1629 1114 1710 τῆς
1217 1616 1219 1620 ’

115 1747 142 1786 1⁵
155 1755 191 1796 τε
215 1727 430 1806 ἀποστάσεως
453 1733 511 1813 τῆς
529 1735 624 1797 Χίων
650 1727 917 1814 ξυνεπελάβοντο
934 1730 991 1796 καὶ
1013 1730 1048 1795 έν
1065 1731 1113 1816 τῷ

154 1829 229 1896 τότε
246 1829 286 1896 τά
306 1829 485 1916 πράγματα
501 1833 560 1914 τῆς
577 1829 685 1912 νήσου
710 1835 770 1916 βίᾳ
789 1827 895 1913 εἶχον
923 1829 980 1896 καὶ
999 1837 1114 1896 Μιτυ-
1131 1835 1147 1882 6

155 1929 260 2016 λη’νην
279 1928 317 1996 δὲ
332 1929 467 2016 Χάρητα
488 1935 606 2014 έχοντα
620 1925 669 1996 ὅτι
686 1927 842 2014 άφείλετο
855 1929 914 1996 καὶ
931 1929 992 2006 τάς
1010 1927 1114 2007 άλλας

154 2031 214 2108 τός
235 2033 272 2098 ἐν
290 2031 410 2120 Λέσβφ
429 2029 542 2107 πόλεις
560 2031 618 2097 καί
636 2027 741 2108 αότδις
759 2027 923 2118 ὁμολογίᾳ
941 2028 1115 2116 προσηγά-

156 2157 251 2218 γετο,
270 2129 478 2217 Ἀμφοτερδν
502 2129 540 2198 δὲ
565 2129 628 2211 ξύν
653 2130 811 2215 ἑξήκοντα
836 2131 960 2198 ναυσὶν
980 2131 1035 2198 ε’πὶ
1054 2132 1114 2198 Κῶ

117 2251 144 2290 20
159 2237 319 2318 ἔπεμψεν·
348 2233 577 2300 ἐπικαλεῖσθαι
599 2231 664 2320 γάρ
687 2236 776 2317 σφᾶς
794 2229 875 2309 τούς
893 2231 1032 2321 Κρέους’
1058 2233 1115 2298 καλ

157 2331 261 2410 αύτδς
275 2332 510 2411 καταπλεύσας
520 2329 571 2401 ότι
580 2323 657 2419 εὗρε
669 2332 731 2417 τὴν
742 2335 801 2400 Κῶ
812 2331 896 2418 πρὸς
906 2331 1114 2418 Ἀμφοτεροῦ
1169 2397 1173 2406 ,

155 2431 219 2520 ἤδη
235 2433 405 2519 ἐχομένην.
424 2434 482 2500 καὶ
500 2433 581 2512 τούς
598 2431 661 2518 μέν
679 2430 804 2511 ἄλλους
823 2429 894 2500 ὅσοι
912 2431 1117 2518 αἰχμάλωτοι
1134 2441 1148 2490 ἲ

156 2525 237 2619 ἦγεν
247 2532 439 2620 Ἡγέλοχος,
455 2534 670 2621 Φαρνάβαζος
679 2532 717 2601 δὲ
731 2531 862 2619 άπέδρα
877 2534 912 2600 έν
923 2537 982 2622 Κῷ
998 2531 1116 2600 λαθών

156 2633 237 2714 τούς
252 2633 417 2720 φύλακας.
450 2631 668 2719 Ἀλέξανδρος
691 2631 728 2700 δὲ
745 2633 826 2711 τούς
844 2632 1037 2720 τυράννους
1055 2632 1117 2719 μὲν

118 2753 144 2793 ²⁵
158 2733 238 2812 τούς
254 2736 289 2802 έκ
303 2739 372 2802 τῶν
387 2733 518 2802 πόλεων
533 2737 566 2812 ἐς
580 2735 640 2812 τάς
654 2733 767 2811 πόλεις
781 2735 914 2820 πέμπει,
929 2733 1118 2820 χρήσασθαι

147 2831 248 2913 όπως
279 2837 442 2904 ἐθέλοιεν·
481 2833 562 2913 τούς
587 2833 624 2902 δέ
655 2831 735 2920 ἄμφ’
756 2832 1007 2920 Ἀπολλωνίδην
1036 2833 1118 2912 τούς

158 2943 265 3014 Χίους
281 2937 314 3014 ἐς
324 2934 565 3022 Ἐλεφαντίνην
578 2935 677 3002 πόλιν
687 2941 886 3019 Αἰγυπτίαν
900 2934 964 3015 ξύν
978 2938 1116 3022 φυλακῇ

158 3033 291 3125 ἀκριβεῖ
307 3042 463 3122 ἔπεμψεν.

230 3135 304 3206 Ἐπὶ
313 3136 444 3213 τούτοις
455 3133 492 3204 δὲ
502 3134 608 3213 πόθος
619 3135 782 3223 λαμβάνει
790 3133 898 3204 αύτδν
909 3138 1023 3204 ἐλθεῖν
1033 3135 1112 3225 παρ’
1125 3142 1146 3206 3

120 3234 313 3323 ω’Ἀμμωνα
333 3239 366 3315 ές
385 3235 534 3324 Λιβύην,
557 3235 595 3302 τό
613 3238 677 3322 μέν
694 3239 788 3326 τιτῷ
806 3241 877 3328 θεῷ
895 3237 1116 3325 χρησόμενον,

158 3333 209 3404 ότι
226 3335 361 3425 ἀτρεκὲς
381 3339 512 3422 ε’λέγετο
530 3333 616 3404 εἶναι
631 3335 670 3404 τό
689 3352 847 3423 μαντεῖον
864 3341 926 3405 τοῦ
939 3335 1118 3424 ’Ἀμμωνος

157 3438 216 3504 καί
257 3440 444 3526 χρήσασθαι
476 3435 569 3525 αύτῷ
604 3439 737 3524 Περσέα
773 3439 830 3506 καὶ
851 3437 1035 3526 Ἡρακλέα,
1057 3435 1117 3504 τόν
