2632 3922
489 195 677 248 Λαεειειε
695 199 726 261 ε,
744 199 768 248 ε.
1056 196 1118 262 251

153 349 242 442 ἀμφὶ
259 351 320 422 τδν
338 360 551 441 Πτολεμαίου
569 355 769 442 ἐμπίπτοιεν.
804 355 890 424 ἐπὰν
907 355 945 425 δέ
962 353 1116 443 άφίκων-
1136 362 1155 413 '¹

152 479 205 521 ται
223 455 256 534 ές
269 453 328 534 τάς
342 454 511 542 ξυμβολάς
523 459 585 523 τοῦ
598 453 814 526 σεἈκεσίνου
828 457 885 524 καὶ
898 459 959 526 τοῦ
970 453 1135 542 ’Ίλδραῶ-1

153 579 214 622 του
241 559 408 641 ποταμού,
437 558 588 626 ἐνταῦθα
606 553 645 623 δὲ
668 555 747 636 τούς
764 582 800 625 τε
817 555 1013 644 φθάνοντας
1029 550 1119 625 ύπο-

153 653 267 741 μένειν
294 656 470 725 ἐκέλευσεν
495 650 566 724 ἔστ’
594 651 637 724 άν
654 653 718 745 ήκή
738 654 841 736 αὐτός
859 659 916 726 καί
933 655 1014 736 τούς
1031 654 1120 745 άμφὶ

127 753 330 844 εΙίράτερου
356 755 419 824 καλ
439 765 651 844 Πτολεμαῖον
678 755 773 856 αύτῷ
799 757 991 845 ξυμβαλεῖν.

231 851 344 936 Αὐτός
378 855 417 924 δὲ
449 855 632 944 άναλαβῶν
657 855 737 937 τούς
762 856 976 938 ύπασπιστάς
1001 883 1037 926 τε
1062 858 1157 938 καδ6

153 955 234 1036 τούς
251 955 388 1037 τοξότας
413 958 470 1026 καί
496 956 577 1036 τούς
592 956 769 1045 Ἀγριᾶνας
794 959 852 1026 καὶ
877 963 946 1027 τῶν
969 964 1119 1040 πεζεταί-

154 1081 225 1145 ρων
258 1056 479 1144 καλουμένων
512 1057 574 1145 τήν
606 1065 783 1138 Πείθωνος
821 1057 915 1139 τάξιν
952 1059 1010 1128 καὶ
1039 1056 1121 1138 τούς

156 1155 375 1237 ἱπποτοξότας
400 1184 438 1226 τε
463 1156 591 1237 πάντας
616 1158 673 1226 καὶ
699 1163 768 1228 τῶν
794 1159 924 1228 ἱππέων
940 1165 1011 1228 τῶν
1029 1160 1121 1227 ἑταί-

115 1285 141 1325 ιο
155 1283 226 1343 ρων
241 1255 323 1336 τούς
340 1251 480 1345 ήμίσεας
498 1255 552 1326 διά
571 1259 632 1344 γής
649 1256 803 1344 άνύδρου
822 1256 867 1338 ῶς
882 1259 936 1327 έπὶ
955 1257 1121 1338 Μαλλούς

153 1351 250 1445 ήγεν,
277 1364 377 1438 ἔθνος
400 1352 545 1427 Ἰνδικὸν
568 1357 688 1428 Ἰνδῶν
712 1361 782 1426 τῶν
808 1357 1018 1447 αὐτονόμων.
1062 1359 1155 1434 καλε

153 1464 198 1547 τή
231 1457 295 1546 μὲν
326 1457 444 1547 πρῶτή
471 1458 816 1545 κατεστρατοπέδευσε
842 1458 925 1548 πρός
952 1457 1052 1528 ύδατι
1077 1456 1119 1528 ού

155 1564 283 1649 πολλῷ,
304 1555 324 1625 δ
342 1561 384 1647 δή
403 1556 519 1646 άπεῑχε
531 1562 591 1628 τοῦ
602 1557 778 1629 Ἀκεσίνου
792 1565 945 1647 ποταμοῦ
960 1565 1122 1639 σταδίους

156 1665 203 1740 είς
235 1657 366 1728 ἑκατόν·
407 1659 745 1748 δειπνοποιησάμενος
771 1659 810 1728 δὲ
835 1661 893 1728 καὶ
920 1658 1121 1740 άναπαύσας

116 1787 143 1828 ιε
156 1758 217 1848 τήν
250 1759 408 1848 στρατιάν
435 1760 476 1829 ού
504 1761 615 1829 πολύν
640 1759 765 1848 χρόνον
797 1760 1020 1849 παραγγέλλει
1044 1759 1066 1829 ὅ
1090 1786 1123 1828 τι

155 1888 204 1942 τις
238 1867 303 1948 ἔχει
334 1859 438 1947 άγγος
465 1862 629 1949 έμπλήσαι
654 1857 789 1940 ὕδατος.
817 1859 965 1929 διελθσδν
998 1859 1037 1928 δὲ
1061 1863 1122 1946 τής

154 1989 191 2031 τε
211 1958 337 2049 ἡμέρας
354 1960 392 2030 τό
411 1967 459 2030 ἔτι
474 1955 744 2048 ὑπολειπόμενον
761 1962 818 2029 καὶ
835 1959 897 2047 τήν
914 1959 1023 2029 νύκτα
1039 1958 1121 2047 ὅλην
1164 2029 1168 2036 ,

134 2107 137 2112 ·
156 2066 191 2143 ές
215 2068 454 2151 τετρακοσίους
478 2063 621 2151 μάλιστα
640 2066 798 2141 σταδίους
816 2059 885 2148 άμα
909 2059 1019 2151 ήμέρρι
1037 2059 1122 2148 πρός

156 2162 255 2232 πόλιν
286 2163 426 2251 άφίκετο
443 2165 492 2255 ,ές
521 2159 565 2250 ἣν
596 2159 874 2250 ξυμπεφεύγεσαν
904 2163 1024 2230 πολλοὶ
1051 2165 1122 2229 τῶν

115 2291 143 2330 20
158 2269 319 2334 Μαλλῶν.
348 2267 383 2332 οί
394 2263 432 2332 δὲ
445 2261 564 2333 οὔποτ’
583 2259 627 2332 άν
641 2267 813 2350 οἰηθέντες
827 2261 882 2331 διά
895 2267 953 2350 τής
967 2259 1120 2350 άυύδρου
1139 2294 1157 2343 3

157 2366 273 2433 ἐλθεῖν
292 2364 347 2432 ἐπὶ
365 2371 453 2452 σφᾶς
467 2363 690 2454 Ἀλέξανδρον
717 2365 780 2444 ἔξω
805 2390 841 2432 τε
866 2367 924 2448 τῆς
944 2361 1071 2442 πόλεως
1089 2366 1125 2430 οί

157 2463 275 2533 πολλοὶ
288 2465 346 2532 καὶ
360 2463 502 2533 άνοπλοι
515 2456 616 2551 ἦσαν·
645 2461 700 2551 ἐφ’
716 2463 783 2555 ὅτφ
797 2465 855 2532 καί
870 2468 972 2550 δήλος
988 2463 1122 2548 ἐγένετο

156 2564 284 2650 ταύτην
302 2563 443 2650 άγαγῶν
452 2562 684 2653 Ἀλέξανδρος,
701 2560 744 2650 ήν
757 2563 806 2647 ὅτι
819 2564 961 2650 άγαγεῑν
973 2562 1123 2648 χαλεπόν

158 2656 213 2751 ήν,
241 2663 296 2730 ἐπὶ
321 2669 407 2755 τῷδε
434 2661 516 2732 οὐδὲ
541 2679 611 2744 τοϊς
638 2671 806 2750 πολεμίοις
833 2661 883 2732 ὅτι
908 2663 978 2744 άξει
1004 2661 1123 2732 πιστόν

117 2791 144 2833 τε
158 2765 325 2851 ἐφαίνετο.
368 2763 499 2843 τούτοις
525 2763 588 2850 μὲν
614 2763 656 2849 δή
683 2761 724 2831 ού
752 2764 1023 2850 προσδοκήσασιν
1050 2765 1124 2830 ἐπι·

157 2863 273 2933 πεσῶν
290 2861 371 2942 τούς
389 2863 453 2951 μὲν
470 2861 618 2943 πολλούς
635 2861 829 2932 ἀπέκτεινεν
847 2862 963 2932 αύτῶν
977 2861 1058 2932 οὐδὲ
1073 2869 1123 2942 είς

157 2959 278 3050 άλκήυ,
297 2959 352 3032 οἷα
370 2964 413 3049 δή
433 2962 616 3051 άυόπλους,
633 2964 834 3054 τραπέντας·
866 2968 936 3031 τῶν
954 2962 992 3031 δέ
1010 2961 1124 3030 άλλων
1248 3029 1256 3046 ,

158 3067 192 3144 ές
225 3064 288 3152 τήν
315 3062 414 3133 πόλιν
439 3067 704 3152 κατειληθέντων
722 3064 836 3154 κύκλῳ
854 3063 1054 3151 περιστήσας
1072 3068 1121 3153 τῷ

156 3172 259 3252 τείχει
286 3164 368 3245 τούς
395 3167 528 3253 ἱππέας,
555 3163 606 3234 ὅτι
623 3166 721 3254 μήπω
738 3164 760 3252 ή
779 3165 910 3252 φάλαγξ
927 3169 996 3233 τῶν
1013 3168 1123 3246 πεζῶν

118 3293 145 3333 ιο
157 3261 382 3352 ήκολουθήκει
398 3266 505 3357 αύτῷ,
524 3263 598 3334 άντὶ
617 3265 760 3353 χάρακος
780 3265 942 3355 ἐχρήσατο
959 3269 1002 3352 τῇ
1017 3269 1122 3356 ίππφ.

160 3364 204 3445 ῶς
231 3366 269 3434 δὲ
295 3365 434 3453 τάχιστα
460 3370 495 3436 οί
519 3365 610 3449 πεζοὶ
637 3364 810 3452 άφίκοντο,
838 3372 1032 3453 Περδίκκαν
1058 3364 1157 3450 μἐνι

157 3464 220 3551 τήν
252 3491 289 3535 τε
315 3465 422 3536 αύτοῦ
449 3471 634 3556 ίππαρχίαν
661 3471 778 3553 ἔχοντα
803 3467 861 3534 καὶ
887 3465 951 3552 τήν
978 3471 1123 3534 Κλείτου
