2620 3924
205 148 265 212 100
556 144 804 205 Amr-:Ampor

201 287 314 368 ἄλλοις
330 299 424 367 θεοίς
442 288 499 356 καὶ
510 291 564 390 τῷ
580 286 693 357 ’Ἁπιδι
709 289 767 355 καὶ
784 286 901 412 άγῶνα
920 289 1055 376 ἐποίησε
1071 313 1161 374 γιμ

201 389 297 458 νικόν
314 391 420 457 τεκαὶ
432 377 616 507 μουσικόν
635 380 718 474 ἧκον
736 387 774 457 δὲ
788 387 881 478 αῦτφ
866 390 937 458 οί
947 387 1035 476 ἀμφὶ
1053 390 1161 456 ταῦτα

201 505 346 576 τεχνῖται
360 492 397 558 ἐκ
409 492 469 575 τῆς
479 489 636 569 Ἑλλάδος
655 494 691 558 οί
705 455 931 576 δοκιμώτατοι.
959 492 995 558 ἐκ
1008 488 1046 558 δέ
1059 490 1161 575 Μέμ-

202 617 278 678 φιος
302 592 457 659 κατέπλει
479 591 564 658 κατά
587 590 650 658 τόν
668 589 821 676 ποταμόν
845 587 891 670 άς
910 591 965 658 ἐπὶ
982 589 1161 659 θάλασσαν

201 691 284 770 τοάς
307 716 343 759 τε
359 689 572 770 ὑπασπιστάς
598 691 653 760 ἐπὶ
676 691 745 758 τῶν
762 692 850 759 νεῦν
868 691 983 778 λαβὼν
1000 691 1057 758 καὶ
1080 690 1187 767 τοδςι

202 792 340 874 τοξότας
363 793 421 860 καὶ
445 793 527 872 τοῦς
555 791 731 880 Ἀγριᾶνας
757 793 815 859 καὶ
845 792 915 858 τάν
947 792 1077 859 ἱππέοιν
1099 791 1161 876 τὴν

170 904 187 954 ⁵
204 893 377 982 βασιλικὴν
388 900 463 980 ίλην
475 893 536 980 τὴν
549 895 617 960 τῶν
629 894 779 981 ἑταίρων.
814 890 926 960 ἐλθόν
939 891 978 960 δὲ
993 894 1026 970 ἐς
1036 889 1161 961 Κάνω-

202 1002 266 1082 βον
283 995 339 1062 καὶ
357 993 441 1062 κατὰ
459 994 521 1079 τὴν
546 1001 668 1080 λίμνην
692 992 754 1078 τὴν
772 997 914 1079 Μαρίαν
938 990 1161 1081 περιπλεύσας

203 1093 379 1182 άποβαίνει
388 1091 474 1163 ὅπου
484 1096 551 1162 νῦν
561 1093 791 1181 Ἀλεξάνδρεια
801 1089 897 1172 πόλις
908 1090 1055 1183 ᾤκισται,
1066 1091 1161 1162 Ἀλε-

204 1195 351 1283 ξάνδρου
371 1185 557 1282 έπάννμος.
593 1196 651 1264 καὶ
670 1193 782 1273 ἔδοξεν
800 1193 893 1284 αὐτῷ
913 1191 931 1262 ὁ
950 1197 1058 1282 χῦρος
1075 1193 1160 1261 κάλ-
1175 1221 1201 1260 ιο

204 1304 314 1374 λιστος
331 1302 442 1364 κτίσαι
457 1299 494 1364 ἐν
508 1293 601 1386 αὐτῷ
620 1294 718 1363 πόλιν
735 1296 792 1363 καὶ
810 1296 969 1381 γενέσθαι
985 1290 1028 1362 άν
1042 1293 1161 1363 εὐδαί-

204 1423 291 1484 μονα
313 1396 375 1482 την
400 1396 507 1464 πόλιν.
557 1395 665 1474 πόθος
690 1386 754 1464 οὖν
784 1394 945 1483 λαμβάνει
966 1393 1075 1464 αὐτόν
1099 1397 1160 1462 τοῦ

206 1503 326 1583 ἔργον,
350 1497 407 1563 καὶ
432 1495 536 1574 αῦτδς
554 1496 595 1563 τά
622 1512 742 1583 σημεῖα
762 1499 805 1584 τῇ
825 1496 919 1564 πόλει
938 1503 1078 1583 έθηκεν,
1104 1500 1161 1563 ἵνα

203 1623 240 1664 τε
256 1595 386 1682 άγορὰν
405 1599 443 1665 ἐν
460 1595 548 1684 αὐτῇ
568 1601 749 1683 δείμασθαι
766 1601 832 1665 ἔδει
848 1598 906 1664 καὶ
926 1596 998 1684 ίερόι
1016 1595 1079 1666 ὅσα
1102 1597 1160 1664 καὶ

156 1778 162 1790 ⁹
203 1702 295 1766 θεῶν
314 1687 362 1764 ὧν
381 1723 496 1786 τινων,
513 1701 582 1764 τῶν
599 1695 661 1784 μὲν
677 1696 888 1784 Ἑλληνικῶν,
900 1695 1024 1777 Ἴσιδος
1041 1696 1079 1766 δέ
1093 1704 1159 1766 Αί-
1175 1725 1199 1766 15

203 1805 368 1885 γυπτίας,
392 1799 449 1866 καὶ
472 1797 510 1867 τό
535 1813 642 1883 τεῖχος
665 1788 688 1885 ᾖ
714 1800 980 1886 περιβεβλῆσθαι.
1022 1799 1080 1866 καὶ
1105 1799 1160 1866 ἐπὶ

203 1898 335 1978 τούτοις
355 1897 488 1984 ἐθύετο,
504 1900 562 1966 καὶ
579 1899 620 1966 τὰ
642 1897 714 1986 ίερά
731 1897 817 1966 καλά
837 1901 1000 1986 ἐφαίνετο.

173 2005 195 2070 2
280 2001 421 2084 Λέγεται
444 2001 486 2067 δέ
501 2025 550 2077 τις
573 2001 630 2067 καὶ
647 1999 778 2068 τοιόσδε
799 1999 918 2087 λόγος,
942 1997 1006 2067 οῦκ
1023 1996 1160 2076 άπιστος

205 2105 330 2186 ἔμοιγε·
351 2101 480 2168 ἐθέλειν
488 2091 776 2188 μένἈλέξανδρον
784 2107 994 2168 καταλείπειν
1005 2097 1110 2167 αὐτόν
1119 2099 1159 2164 τά

204 2215 323 2286 σημεῖα
336 2203 396 2267 τοῦ
410 2203 578 2286 τειχισμοῦ
592 2214 663 2278 τοῖς
676 2200 839 2286 τέκτοσιν,
856 2198 921 2268 οῦκ
934 2198 1021 2268 εἶναι
1037 2199 1081 2268 δὲ·
1093 2196 1159 2289 ’ότφ
1173 2231 1199 2269 20

202 2299 265 2385 τὴν
287 2303 353 2385 γῆν
379 2299 616 2386 ἐπιγράψουσι·
641 2302 710 2368 τῶν
734 2301 775 2386 δὴ
798 2301 963 2370 τεκτόνων
986 2301 1060 2369 τινά
1087 2303 1160 2368 ἐπι-

204 2401 419 2488 φρασθέντα,
446 2397 508 2468 ὅσα
534 2402 571 2468 έν
593 2400 746 2486 τεάχεσιν
764 2399 886 2488 ἄλφιτα
905 2407 941 2470 οί
964 2405 1161 2490 στρατιῶται

205 2501 354 2587 ἐκόμιζον
377 2501 612 2586 ξυναγαγόντα
643 2501 832 2588 ἐπιβάλλειν
855 2505 896 2591 τῇ
923 2507 967 2590 γῇ
996 2508 1116 2590 ἵναπερ
1141 2499 1159 2568 ὁ

202 2600 360 2689 βασιλεῦς
376 2599 560 2688 ῦφηγεῖτο,
584 2601 719 2670 καὶπδν
736 2602 863 2670 κύκλον
887 2601 977 2671 οῦτοι
1000 2627 1160 2694 περιγρα-

203 2705 307 2789 φῆναι
336 2705 399 2768 τοῦ
431 2705 673 2789 περιτειχισμοῦ
705 2699 819 2770 ὅντινα
848 2706 889 2791 τῇ
921 2703 1016 2772 πόλει
1047 2707 1158 2772 ἐποίει.
1173 2731 1199 2772 ετ

170 2815 186 2862 2
203 2807 305 2870 τοῦτο
322 2801 360 2870 δέ
380 2805 635 2890 ἐπιλεξαμένους
649 2803 731 2882 τοῦς
744 2803 877 2890 μάντεις
890 2807 946 2874 καὶ
961 2804 1101 2890 μάλιστα
1119 2804 1161 2890 δὴ
1194 2793 1196 2798 ’

198 2901 442 2994 Ἀρίστανδρον
458 2904 519 2973 τόν
543 2906 737 2992 Τελμισσέα,
755 2901 792 2982 ὃς
811 2905 851 2991 δὴ
870 2904 978 2973 πολλά
997 2903 1083 2993 [μὲν]
1103 2907 1160 2972 καὶ

202 3002 289 3073 άλλα
307 3004 493 3092 ἀληθεῦσαι
519 3007 650 3091 ἐλέγετο
669 3003 895 3097 Ἀλεξάνδρῳ,
920 3007 1025 3093 φάναι
1042 3004 1160 3074 εῦδαί-

202 3132 289 3192 μονα
309 3111 443 3173 ἔσεσθαι
464 3104 527 3190 τὴν
545 3105 643 3173 πόλιν
661 3106 703 3172 τά
727 3133 763 3174 τε
779 3104 865 3174 άλλα
882 3109 939 3175 καὶ
957 3111 1026 3175 τῶν
1045 3110 1082 3175 ἐκ
1100 3109 1160 3192 γῆς

202 3229 342 3293 καρπων
359 3208 480 3274 εἵνεκα.
815 3235 817 3240 ·
1173 3236 1199 3275 ιο

169 3319 186 3367 a
275 3303 330 3374 Ἐν
347 3303 460 3396 τοῦτφ
472 3303 510 3373 δέ
522 3305 581 3372 καὶ
595 3303 773 3392 Ἡγέλοχος
786 3311 1013 3378 κατέπλευσεν
1032 3315 1080 3387 είς
1094 3319 1160 3378 Αί-

153 3437 171 3451 *
202 3431 334 3490 γυπτον
359 3407 416 3474 καὶ
439 3405 641 3492 άπαγγέλλει
673 3402 882 3500 Ἀλεξάνδρῳ
919 3415 1095 3488 Τενεδίους
1124 3437 1160 3477 τε
