2632 3922
473 163 659 216 εαεΒΑΣιΣ
676 167 701 228 ι,
720 166 759 216 ιι.
904 240 906 250 Ι
1039 162 1102 226 175

131 340 250 400 σαντες
268 323 309 409 τῇ
335 319 398 408 μέν
421 319 516 388 πόλει
539 328 744 409 προσβαλεῖν
762 318 981 409 ἀπέγνωσαν,
1005 325 1099 390 λείαν

131 421 170 490 δὲ
197 420 327 506 πολλήν
354 419 633 510 περιβαλλόμενοι
657 420 817 509 ἤλαυνον.

204 515 310 590 Ἦσαν
324 521 363 589 δέ
378 525 493 602 ἐντοῖς
505 523 707 608 Ζαριάσποις
720 523 812 613 νόσω
825 520 1100 610 ὑπολελειμμένοι
1118 543 1135 592 6

130 627 200 692 τῶν
229 625 372 709 ἑταίρων
408 623 538 691 ίτιπέων
572 620 613 691 οό
647 622 765 690 πολλοὶ
792 623 849 690 καὶ
881 621 944 702 ξόν
970 621 1099 701 τούτοις

90 750 103 790 ε
132 731 273 794 Πείθων
300 748 336 791 τε
358 722 377 792 ὁ
397 723 628 810 Σωσικλέους,
656 724 712 792 ἐπὶ
729 725 787 808 τής
804 725 975 809 βασιλικῆς
993 733 1100 812 θερα-

131 830 227 904 πείας
253 827 311 910 τής
339 826 376 892 ἐν
399 822 603 912 Ζαριάσποις
630 825 848 911 τεταγμένος,
875 821 1098 913 καλἈριστό-

130 941 223 1004 νικος
237 922 255 992 ὁ
270 925 472 1016 κιθαρῳδός.
487 915 651 1017 καὶοῦτοι
664 923 861 1011 αἰσθόμενοι
869 927 939 992 τῶν
949 927 1100 994 Σκυθῶν

129 1024 191 1110 τήν
204 1023 420 1114 καταδρομήν
434 1022 513 1112 (ήδη
527 1025 591 1114 γάρ
607 1027 644 1094 ἐκ
657 1027 716 1112 τής
735 1025 841 1094 νόσου
855 1023 1100 1114 ἀναρρωσθέν-

65 1182 76 1195 .
130 1153 184 1206 τες
217 1123 305 1194 ὅπλα
336 1151 373 1195 τε
411 1131 531 1215 ἔφερον
564 1126 622 1194 καὶ
653 1131 722 1194 τῶν
758 1130 873 1195 ἵππων
907 1123 1102 1214 ἐπέβαινον)

92 1238 121 1294 ιο
132 1225 380 1313 ξυναγαγόντες
397 1225 486 1306 ,τοάς
512 1252 548 1296 τε
574 1225 806 1315 μισθοφόρους
836 1227 956 1306 ίππέας
982 1229 1015 1307 ἐς
1039 1225 1100 1311 ὀγ-

131 1327 310 1416 δοήκοντα,
328 1335 364 1396 οἳ
376 1328 431 1396 ἐπὶ
445 1329 583 1416 φυλακή
598 1333 666 1395 τῶν
681 1321 1099 1418 Ζαριάσπωνόπολελειμ-

131 1428 226 1516 μένοι
252 1420 358 1515 ἦσαν,
385 1429 442 1498 καὶ
468 1433 538 1497 τῶν
564 1433 696 1497 παίδων
713 1429 808 1508 τινάς
826 1430 896 1497 τῶν
917 1429 1101 1516 βασιλικῶν

132 1531 360 1616 ἐκβοηθοῦσιν
391 1530 446 1597 ἐπὶ
476 1528 558 1609 κους
590 1530 827 1615 Μασσαγέτας.
866 1529 937 1596 ’καί
964 1531 1005 1616 τῇ
1038 1527 1134 1614 μδνσ

133 1627 450 1722 πρῶτηπροσβολή
475 1627 579 1699 οὐδὲν
597 1627 832 1717 ὑποτοπήσασι
856 1645 926 1709 τοῖς
945 1627 1101 1709 Σκύθαις

93 1754 120 1796 ιε
135 1730 345 1810 ἐπιπεσόντες
358 1729 421 1816 τήν
436 1757 472 1798 τε
485 1737 584 1812 λείαν,
590 1730 770 1818 ξύμπασαν
784 1730 965 1817 ἀφείλοντο
975 1729 1101 1810 αότοδς

132 1833 190 1900 καὶ
204 1833 272 1899 τῶν
283 1827 448 1916 ἀγόντων
465 1832 528 1917 τήν
546 1838 643 1900 λείαν
657 1829 721 1899 οάκ
739 1828 877 1916 όλίγους
891 1827 1099 1899 ἀπέκτειναν.

135 1931 326 2011 ἐπανιόντες
345 1930 384 2000 δδ
402 1930 500 2002 αὐτοὶ
518 1929 684 2017 ἀτάκτως,
712 1929 769 2000 ἀπε
793 1929 935 2011 οόδενδς
959 1932 1100 2018 ἐξηγου-

133 2033 250 2120 μένου,
284 2035 539 2121 ἐνεδρευθέντες
572 2031 656 2120 πρὸς
683 2031 918 2120 Σπιταμένους
949 2033 1007 2100 καὶ
1033 2033 1103 2102 τῶν

133 2136 286 2202 Σκυθῶν
304 2136 373 2201 τῶν
395 2132 458 2221 μὲν
482 2134 624 2222 ἑταίρων
648 2130 898 2220 ἀποβάλλουσιν
920 2130 1014 2220 ἑπτά,
1032 2135 1102 2201 τῶν

8 2303 11 2310 ,
94 2258 120 2298 ιο
134 2233 173 2303 δέ
197 2235 420 2323 μισθοφόρων
445 2234 575 2304 ίππέων
602 2231 775 2320 ἑξήκοντα·
800 2235 858 2303 καὶ
880 2231 1102 2321 Ἀριστόνικος

133 2334 152 2404 ό
172 2333 365 2426 κιθαρῳδός
383 2333 490 2404 αότοῦ
509 2332 726 2425 ἀποθνήσκει,
746 2331 786 2411 ου’
805 2329 891 2403 κατά·
907 2334 1102 2426 καθαρῳδδν

133 2434 221 2524 ἀνήρ
249 2434 378 2522 ἀγαθός
405 2435 593 2524 γενόμενος.
653 2442 794 2522 Πείθων
813 2435 852 2504 δὲ
871 2437 1014 2524 ’τρωθεὶς
1037 2439 1102 2517 ζῶν

134 2535 339 2624 λαμβάνεται
365 2536 448 2626 πρός
475 2538 544 2606 τῶν
572 2538 733 2606 Σκυθῶν.

211 2639 280 2706 Καὶ
297 2639 404 2706 ταῦτα
423 2631 474 2720 ῶς,
488 2637 651 2728 Κρατέρῳ
670 2637 866 2724 ἐξηγγέλθη,
892 2637 1100 2724 σπουδήέπὶ
1114 2643 1150 2704 17

95 2738 214 2816 ειτοδς
247 2739 473 2824 Μασσαγέτας
506 2732 664 2825 ήλαυνεν.
716 2743 753 2806 οί
783 2737 821 2806 δὲ
854 2734 899 2817 ῶς
933 2737 1102 2804 ἐπείθοντο

134 2844 277 2924 πλησίον
297 2837 527 2908 ἐπελαύνοντά
545 2859 638 2926 σφισι
655 2834 851 2926 Κράτερον,
874 2843 1018 2924 ἔφευγον
1035 2833 1102 2904 άνά

134 2938 256 3027 κράτος
275 2939 321 3019 ῶς
348 2942 380 3020 ἐς
406 2938 468 3026 τήν
487 2937 621 3028 ἐρήμην.
666 2938 723 3006 καί
749 2937 920 3027 Κράτερος
947 2935 1103 3024 ἐχόμενος

135 3038 251 3108 αὐτῶν
270 3037 387 3120 αάτοίς
411 3067 447 3108 τε
473 3042 611 3119 ἐκείνοις
635 3045 823 3128 περιπίπτει
846 3035 887 3108 οά
906 3038 1022 3126 πόρρω
1044 3043 1103 3126 τῆς

137 3139 264 3230 ἐρήμου
289 3143 349 3210 καὶ
367 3140 479 3220 ἀλλοις
498 3143 636 3210 ίππεῶσι
655 3141 891 3226 Μασσαγετῶν
914 3133 1004 3226 ὑπὲρ
1021 3137 1103 3219 τοάς

97 3261 123 3304 ³⁰
137 3247 275 3330 χιλίους.
315 3244 373 3312 καὶ
399 3238 487 3330 μάγη
513 3248 641 3327 γίνεται
666 3245 736 3310 τῶν
754 3267 791 3310 κε
814 3239 1028 3310 Μακεδόνων
1045 3243 1136 3308 καλε

134 3348 205 3410 τῶν
233 3345 387 3413 Σκυθῶν
413 3341 573 3431 καρτερά·
601 3343 659 3410 καὶ
686 3344 807 3411 ἐνίκων
834 3346 870 3410 οί
893 3339 1100 3418 Μακεδόνες.

134 3447 204 3514 τῶν
231 3443 270 3512 δέ
298 3448 452 3514 Σκυθῶν
478 3440 655 3512 ἀπέθανον
688 3442 751 3531 μὲν
779 3441 897 3513 ἐκατδν
929 3443 986 3510 καὶ
1020 3464 1102 3508 πευ-
