2572 3920
423 199 609 254 Δαλολτιτ
628 202 652 261 1,
669 202 694 253 ο.
714 203 755 254 ιο.
1032 199 1073 264 19

103 339 125 410 ό
144 338 251 428 φόνος
270 338 398 427 πολύς,
422 333 477 408 οἷα
494 339 537 428 δῆ
555 341 588 422 έξ
606 337 791 428 ὁμοφύλων
807 366 843 410 τε
859 340 916 409 καὶ
933 339 1074 421 παλαιάς

106 439 294 529 ἀπεχθείας
314 439 530 528 ἐπεξιόντων,
556 441 613 509 καὶ
638 437 657 508 ὁ
681 445 740 528 τῆς
763 439 892 521 πόλεως
910 441 1073 530 παντελὴς

107 540 402 632 ἀνδραποδισμός,
429 539 572 630 δυνάμει
594 567 630 610 τε
647 541 705 609 καὶ
719 540 800 632 δόξη
825 543 858 622 ές
876 540 916 611 τά
935 543 1074 631 πολέμια

105 648 179 712 τῦν
202 642 276 712 τότε
301 641 507 733 προεχούσης
526 640 831 730 ἐντοίςἝλλησιν,
849 639 913 712 οῦκ
932 646 995 726 ἔξω
1012 649 1074 712 τοῦ

78 768 94 810 ε
109 743 240 823 εἰκότος
258 747 306 824 είς
330 748 432 832 μῆνιν
448 741 511 830 τῆν
528 741 593 812 ἀπό
612 747 673 811 τοῦ
689 750 788 812 θείου
813 741 1001 833 ἀνηνέχθη,
1029 742 1073 824 ῦς
1108 757 1124 807 κ

107 850 169 931 τῆς
182 869 217 912 τε
228 846 321 936 ἐντῷ
336 848 482 936 Μηδικῷ
496 845 629 936 πολέμῳ
639 849 820 934 προδοσίας
829 850 898 913 τῦν
907 843 1075 934 Ἑλλήνων

109 944 169 1014 διά
188 950 320 1034 μακροῦ
337 943 464 1031 ταύτην
482 949 582 1033 δίκην
605 947 799 1026 ἐκτίσαντας
818 952 999 1034 Θηβαίους,
1018 948 1075 1014 καὶ

108 1050 169 1133 τῆς
188 1051 367 1114 Πλαταιῶν
392 1051 430 1115 έν
451 1073 487 1114 τε
510 1060 583 1127 ταῖς
606 1051 769 1127 σπονδαῖς
786 1045 1001 1135 καταλήψεως
1019 1049 1075 1116 καὶ

108 1152 174 1215 τοῦ
192 1151 378 1226 παντελοῦς
395 1143 674 1235 ἀνδραποδισμοῦ
697 1151 755 1235 τῆς
773 1144 919 1233 πόλεως,
944 1149 1075 1235 καὶτῆς

71 1279 97 1320 ιο
110 1252 184 1316 νῦν
192 1245 415 1336 παραδόντων
425 1253 513 1336 σφᾶς
523 1251 799 1334 Λακεδαιμονίοις
812 1243 875 1335 ούχ
884 1247 1075 1336 Ἑλληνικῆς

110 1348 296 1435 γενομένης
314 1346 369 1416 διά
384 1354 552 1435 Θηβαίους
571 1352 714 1436 σφαγῆς,
732 1348 788 1416 καί
805 1353 1004 1439 τοῦχωρίου
1018 1352 1076 1436 τῆς

113 1447 312 1537 ἐρημώσεως
327 1451 363 1517 ἐν
376 1437 449 1542 ὅτςό
458 1454 493 1518 οί
499 1448 657 1536 Ἕλληνες
670 1447 936 1537 παραταξάμενοι
945 1449 1077 1536 Μήδοις

112 1545 294 1619 ἀπώσαντο
312 1554 369 1637 τῆς
383 1547 540 1630 Ἑλλάδος
564 1548 624 1619 τόν
641 1554 817 1636 κίνδυνον,
836 1550 892 1617 καὶ
910 1550 959 1619 ὅτι
973 1547 1076 1638 Ἀθη-

113 1657 233 1730 ναίους
251 1647 350 1720 αύτοὶ
366 1653 409 1740 τῆ
427 1651 529 1744 ψήφῳ
553 1647 734 1719 ἀπύλλυον
760 1649 815 1719 ὅτε
840 1648 929 1740 ῦπδρ
948 1649 1077 1740 ἀνδρα-

76 1780 100 1822 ιι
114 1757 282 1839 ποδισμοῦ
295 1755 354 1838 τῆς
368 1751 497 1832 πόλεως
509 1749 626 1840 γνύμη
640 1748 813 1840 προύτέθη
832 1753 869 1820 ἐν
883 1766 953 1832 τοῖς
967 1762 1075 1822 Λακε-

114 1857 300 1940 δαιμονίων
324 1853 516 1942 ξυμμάχοις.
553 1853 625 1920 ἐπεὶ
648 1853 705 1920 καὶ
730 1849 878 1940 πρὸτῆς
905 1853 1077 1942 ξυμφορᾶς
1110 1865 1128 1916 8

115 1951 221 2022 πολλά
248 1949 319 2022 α’πό
346 1959 408 2022 τοῦ
431 1961 529 2024 θείου
554 1955 751 2040 ἐπισημῆναι
769 1952 914 2039 ἐλέγετο,
939 1949 1021 2040 ῦδῆ
1041 1955 1078 2021 έν

115 2055 178 2142 μὲν
203 2059 252 2145 τῷ
277 2061 467 2143 παραυτίκα
492 2049 662 2142 ῆμελῆθη,
678 2050 834 2144 ’ῦστερον
860 2051 898 2121 δὲ
920 2051 942 2142 ῆ
965 2051 1078 2143 μνῆμη

118 2151 204 2224 αύτά
232 2157 266 2235 ές
279 2153 441 2242 λογισμόν
453 2161 515 2226 τοῦ
529 2157 565 2224 ἐκ
578 2151 680 2224 πάλαι
694 2153 749 2222 ἐπὶ
765 2167 836 2236 τοῖς
849 2155 1079 2244 ξυνευεχθεϊσι

80 2249 106 2328 το
117 2262 397 2346 προσημανθῆναι
414 2253 586 2346 ἀνήνεγκε.

199 2367 278 2437 Τοῖς
292 2357 330 2426 δὲ
347 2361 549 2446 μετασχοῦσι
561 2362 623 2426 τοῦ
639 2361 741 2446 ἔργον
750 2356 949 2445 ξυμμάχοις,
967 2349 1018 2438 οἷς
1035 2355 1077 2444 δῆ
1111 2369 1129 2420 9

119 2459 174 2529 καὶ
194 2457 376 2548 ἐπέτρεψεν
395 2454 613 2548 Ἀλέξανδρος
629 2455 670 2527 τά
697 2456 780 2526 κατά
797 2455 857 2537 τάς
875 2455 987 2544 Θήβας
1006 2462 1079 2526 δια-

118 2571 250 2645 θεῖναι,
276 2557 338 2646 τῆν
363 2558 426 2646 μὲν
449 2564 624 2647 Καδμείαν
648 2558 784 2649 φρουρηῖ
804 2557 956 2644 κατέχειν
974 2559 1079 2644 ἔδοξε,

120 2661 181 2750 τῆν
198 2658 294 2729 πόλιν
311 2660 350 2729 δὲ
367 2659 576 2742 κατασκάψαι
588 2665 637 2740 είς
656 2663 780 2746 ἔδαφος
785 2710 795 2744 ,
814 2659 870 2726 καλ
887 2656 949 2745 τῆν
965 2657 1080 2748 χιόραν

84 2790 109 2831 τε
122 2775 316 2849 κατανεῖμαι
332 2773 402 2841 τοϊς
420 2759 600 2850 ξυμμάχοις
618 2759 678 2846 ὅση
695 2757 740 2847 μῆ
759 2757 832 2846 ίερά
850 2751 970 2844 αύτῆς·
992 2773 1074 2826 παί-

123 2868 181 2943 δας
200 2861 237 2930 δὲ
254 2862 311 2930 καὶ
327 2874 492 2949 γυναῖκας
505 2862 563 2930 καὶ
580 2860 653 2930 ὅσοι
669 2856 892 2928 ὑπελείποντο
906 2864 1078 2946 Θηβαίων,

122 2962 218 3051 πλῆν
235 2967 304 3031 τῦν
322 2963 440 3052 ίερέων
456 2989 492 3032 τε
509 2962 565 3030 καὶ
584 2965 715 3050 ίερειῦυ
731 2959 789 3027 καὶ
815 2957 888 3028 ὅσοι
906 2959 994 3039 ξένοι
1014 2969 1079 3030 Φι-

124 3071 248 3134 λίππου
279 3059 300 3150 ἢ
327 3060 550 3152 Ἀλεξάνδρου
580 3058 601 3150 ῆ
632 3059 704 3130 ὅσοι
733 3057 887 3148 πρόξενοι
917 3060 1079 3131 Μακεδό-

123 3193 191 3235 νων
218 3164 390 3250 έγένοντο,
421 3160 678 3253 ἀνδραποδίσαι.
722 3161 779 3229 καὶ
809 3159 871 3248 τῆν
900 3160 1078 3251 Πινδάρου
1098 3175 1131 3224 10

88 3293 112 3336 το
125 3266 161 3336 δέ
176 3270 239 3334 τοῦ
256 3269 395 3353 ποιητοῦ
413 3270 524 3334 οίκίαυ
537 3264 594 3332 καὶ
610 3261 690 3343 τοῦς
708 3260 898 3348 ἀπογόνους
910 3267 972 3331 τοῦ
990 3271 1079 3332 Πιν-

125 3366 230 3456 δάρου
257 3365 413 3453 λέγουσιν
443 3364 493 3434 ὅτι
523 3364 723 3453 διεφύλαξεν
745 3359 969 3452 Ἀλέξανδρος
989 3365 1084 3430 αίδοί

125 3473 164 3558 τῆ
182 3465 367 3557 Πινδάρου.
408 3465 463 3535 ἐπὶ
480 3463 609 3546 τούτοις
631 3459 832 3556 Ὀρχόμενόν
856 3462 966 3530 τεκαὶ
984 3469 1077 3530 Πλα·

318 3575 328 3594 .
895 3575 929 3622 2·

1206 3272 1235 3333 ὁ
