<?xml version="1.0" encoding="UTF-8"?>
<!DOCTYPE html PUBLIC "-//W3C//DTD XHTML 1.0 Transitional//EN"
    "http://www.w3.org/TR/xhtml1/DTD/xhtml1-transitional.dtd">
<html xmlns="http://www.w3.org/1999/xhtml" xml:lang="en" lang="en">
 <head>
  <title>
</title>
<meta http-equiv="Content-Type" content="text/html;charset=utf-8" />
  <meta name='ocr-system' content='tesseract 3.04.00' />
  <meta name='ocr-capabilities' content='ocr_page ocr_carea ocr_par ocr_line ocrx_word'/>
</head>
<body>
  <div class='ocr_page' id='page_1' title='image "./arrianianabasis01arrigoog_0189.png"; bbox 0 0 2620 3924; ppageno 0'>
   <div class='ocr_carea' id='block_1_1' title="bbox 198 81 800 148">
    <p class='ocr_par' dir='ltr' id='par_1_1' title="bbox 198 81 800 148">
     <span class='ocr_line' id='line_1_1' title="bbox 198 81 800 148; baseline 0.005 -17"><span class='ocrx_word' id='word_1_1' title='bbox 198 84 258 148; x_wconf 84' lang='lat'><strong><em>168</em></strong></span> <span class='ocrx_word' id='word_1_2' title='bbox 549 81 800 138; x_wconf 69' lang='grc' dir='ltr'><strong><em>Ακεωιαιεοτ</em></strong></span> 
     </span>
    </p>
   </div>
   <div class='ocr_carea' id='block_1_2' title="bbox 78 238 1293 3450">
    <p class='ocr_par' dir='ltr' id='par_1_2' title="bbox 78 238 1293 3450">
     <span class='ocr_line' id='line_1_2' title="bbox 198 238 1169 328; baseline -0.004 -18"><span class='ocrx_word' id='word_1_3' title='bbox 198 242 378 328; x_wconf 84' lang='grc' dir='ltr'><strong><em>πέμψαντα</em></strong></span> <span class='ocrx_word' id='word_1_4' title='bbox 408 241 559 308; x_wconf 82' lang='grc' dir='ltr'><strong><em>κωλῦσαι</em></strong></span> <span class='ocrx_word' id='word_1_5' title='bbox 584 238 789 318; x_wconf 79' lang='grc' dir='ltr'><strong><em>Μακεδόνας</em></strong></span> <span class='ocrx_word' id='word_1_6' title='bbox 813 240 1005 326; x_wconf 88' lang='grc' dir='ltr'><strong><em>μεμνῆσθαι</em></strong></span> <span class='ocrx_word' id='word_1_7' title='bbox 1030 244 1079 308; x_wconf 79' lang='grc' dir='ltr'><strong><em>ἔτι</em></strong></span> <span class='ocrx_word' id='word_1_8' title='bbox 1104 244 1169 328; x_wconf 84' lang='grc' dir='ltr'><strong><em>τῆς</em></strong></span> 
     </span>
     <span class='ocr_line' id='line_1_3' title="bbox 78 338 1168 431; baseline 0.005 -27"><span class='ocrx_word' id='word_1_9' title='bbox 78 359 82 368; x_wconf 82' lang='grc'><strong>’</strong></span> <span class='ocrx_word' id='word_1_10' title='bbox 163 357 178 404; x_wconf 82' lang='lat'><strong>2</strong></span> <span class='ocrx_word' id='word_1_11' title='bbox 197 339 466 431; x_wconf 75' lang='grc' dir='ltr'><strong><em>προσκυνήσεως.</em></strong></span> <span class='ocrx_word' id='word_1_12' title='bbox 506 338 593 408; x_wconf 81' lang='grc' dir='ltr'><strong><em>άλλά</em></strong></span> <span class='ocrx_word' id='word_1_13' title='bbox 619 343 715 426; x_wconf 84' lang='grc' dir='ltr'><strong><em>σιγῆς</em></strong></span> <span class='ocrx_word' id='word_1_14' title='bbox 733 339 798 427; x_wconf 80' lang='grc' dir='ltr'><strong><em>γάρ</em></strong></span> <span class='ocrx_word' id='word_1_15' title='bbox 816 341 997 428; x_wconf 75' lang='grc' dir='ltr'><strong><em>γενομένης</em></strong></span> <span class='ocrx_word' id='word_1_16' title='bbox 1016 341 1073 410; x_wconf 71' lang='grc' dir='ltr'><strong><em>ἐπὶ</em></strong></span> <span class='ocrx_word' id='word_1_17' title='bbox 1091 356 1168 420; x_wconf 84' lang='grc' dir='ltr'><strong><em>τοῖς</em></strong></span> 
     </span>
     <span class='ocr_line' id='line_1_4' title="bbox 196 436 1289 530; baseline -0.002 -18"><span class='ocrx_word' id='word_1_18' title='bbox 196 443 307 529; x_wconf 79' lang='grc' dir='ltr'><strong><em>λόγοις</em></strong></span> <span class='ocrx_word' id='word_1_19' title='bbox 325 439 538 521; x_wconf 86' lang='grc' dir='ltr'><strong><em>άναστάντας</em></strong></span> <span class='ocrx_word' id='word_1_20' title='bbox 552 442 696 530; x_wconf 79' lang='grc' dir='ltr'><strong><em>Περσῶν</em></strong></span> <span class='ocrx_word' id='word_1_21' title='bbox 712 436 795 520; x_wconf 82' lang='grc' dir='ltr'><strong><em>τοάς</em></strong></span> <span class='ocrx_word' id='word_1_22' title='bbox 813 441 1065 529; x_wconf 73' lang='grc' dir='ltr'><strong><em>πρεσβυτάτους</em></strong></span> <span class='ocrx_word' id='word_1_23' title='bbox 1084 443 1166 528; x_wconf 89' lang='grc' dir='ltr'><strong><em>ε’φε-</em></strong></span> <span class='ocrx_word' id='word_1_24' title='bbox 1288 436 1289 446; x_wconf 58' lang='grc'>’</span> 
     </span>
     <span class='ocr_line' id='line_1_5' title="bbox 196 541 1164 632; baseline -0.001 -21"><span class='ocrx_word' id='word_1_25' title='bbox 196 546 253 632; x_wconf 88' lang='grc' dir='ltr'><strong><em>ξῆς</em></strong></span> <span class='ocrx_word' id='word_1_26' title='bbox 277 557 493 632; x_wconf 76' lang='grc' dir='ltr'><strong><em>προσκυνεῖν.</em></strong></span> <span class='ocrx_word' id='word_1_27' title='bbox 533 541 728 612; x_wconf 88' lang='grc' dir='ltr'><strong><em>Λεοννάτον</em></strong></span> <span class='ocrx_word' id='word_1_28' title='bbox 747 542 798 629; x_wconf 79' lang='grc' dir='ltr'><strong><em>δέ,</em></strong></span> <span class='ocrx_word' id='word_1_29' title='bbox 826 544 980 612; x_wconf 74' lang='grc' dir='ltr'><strong><em>ἔνατόν</em></strong></span> <span class='ocrx_word' id='word_1_30' title='bbox 1007 544 1164 632; x_wconf 82' lang='grc' dir='ltr'><strong><em>ἑταίρων,</em></strong></span> 
     </span>
     <span class='ocr_line' id='line_1_6' title="bbox 198 641 1198 736; baseline -0.001 -21"><span class='ocrx_word' id='word_1_31' title='bbox 198 644 311 730; x_wconf 80' lang='grc' dir='ltr'><strong><em>ἐπειδή</em></strong></span> <span class='ocrx_word' id='word_1_32' title='bbox 336 670 386 724; x_wconf 90' lang='grc' dir='ltr'><strong><em>τις</em></strong></span> <span class='ocrx_word' id='word_1_33' title='bbox 413 643 522 712; x_wconf 79' lang='grc' dir='ltr'><strong><em>ε’θόκει</em></strong></span> <span class='ocrx_word' id='word_1_34' title='bbox 546 647 616 712; x_wconf 76' lang='grc' dir='ltr'><strong><em>τῶν</em></strong></span> <span class='ocrx_word' id='word_1_35' title='bbox 634 646 778 731; x_wconf 80' lang='grc' dir='ltr'><strong><em>Περσων</em></strong></span> <span class='ocrx_word' id='word_1_36' title='bbox 797 641 891 735; x_wconf 75' lang='grc' dir='ltr'><strong><em>αὐτῷ</em></strong></span> <span class='ocrx_word' id='word_1_37' title='bbox 908 643 973 712; x_wconf 72' lang='grc' dir='ltr'><strong><em>οὐκ</em></strong></span> <span class='ocrx_word' id='word_1_38' title='bbox 992 645 1029 712; x_wconf 82' lang='grc' dir='ltr'><strong><em>ἐν</em></strong></span> <span class='ocrx_word' id='word_1_39' title='bbox 1047 643 1198 736; x_wconf 72' lang='grc' dir='ltr'><strong><em>κόσμησε</em></strong></span> 
     </span>
     <span class='ocr_line' id='line_1_7' title="bbox 196 743 1164 836; baseline -0.003 -20"><span class='ocrx_word' id='word_1_40' title='bbox 196 747 447 835; x_wconf 88' lang='grc' dir='ltr'><strong><em>προσκυνῆσαι,</em></strong></span> <span class='ocrx_word' id='word_1_41' title='bbox 473 743 534 812; x_wconf 82' lang='grc' dir='ltr'><strong><em>τὸν</em></strong></span> <span class='ocrx_word' id='word_1_42' title='bbox 566 743 605 812; x_wconf 77' lang='grc' dir='ltr'><strong><em>δὲ</em></strong></span> <span class='ocrx_word' id='word_1_43' title='bbox 637 744 828 830; x_wconf 75' lang='grc' dir='ltr'><strong><em>ἐπιγελάσαι</em></strong></span> <span class='ocrx_word' id='word_1_44' title='bbox 857 747 904 836; x_wconf 76' lang='grc' dir='ltr'><strong><em>τῷ</em></strong></span> <span class='ocrx_word' id='word_1_45' title='bbox 935 743 1078 832; x_wconf 90' lang='grc' dir='ltr'><strong><em>σχήματι</em></strong></span> <span class='ocrx_word' id='word_1_46' title='bbox 1103 749 1164 813; x_wconf 83' lang='grc' dir='ltr'><strong><em>τοῦ</em></strong></span> 
     </span>
     <span class='ocr_line' id='line_1_8' title="bbox 198 842 1167 936; baseline -0.005 -19"><span class='ocrx_word' id='word_1_47' title='bbox 198 851 347 934; x_wconf 83' lang='grc' dir='ltr'><strong><em>Περσοῦ,</em></strong></span> <span class='ocrx_word' id='word_1_48' title='bbox 367 844 413 925; x_wconf 75' lang='grc' dir='ltr'><strong><em>ως</em></strong></span> <span class='ocrx_word' id='word_1_49' title='bbox 429 842 604 913; x_wconf 85' lang='grc' dir='ltr'><strong><em>ταπεινόν·</em></strong></span> <span class='ocrx_word' id='word_1_50' title='bbox 632 846 690 913; x_wconf 76' lang='grc' dir='ltr'><strong><em>καί</em></strong></span> <span class='ocrx_word' id='word_1_51' title='bbox 708 843 820 936; x_wconf 81' lang='grc' dir='ltr'><strong><em>τοότφ</em></strong></span> <span class='ocrx_word' id='word_1_52' title='bbox 837 845 1073 931; x_wconf 79' lang='grc' dir='ltr'><strong><em>χαλεπήναντα</em></strong></span> <span class='ocrx_word' id='word_1_53' title='bbox 1088 844 1167 914; x_wconf 85' lang='grc' dir='ltr'><strong><em>τότε</em></strong></span> 
     </span>
     <span class='ocr_line' id='line_1_9' title="bbox 195 937 1167 1034; baseline -0.004 -16"><span class='ocrx_word' id='word_1_54' title='bbox 195 947 416 1034; x_wconf 75' lang='grc' dir='ltr'><strong><em>Ἀλέξανδρον</em></strong></span> <span class='ocrx_word' id='word_1_55' title='bbox 434 947 684 1032; x_wconf 79' lang='grc' dir='ltr'><strong><em>ξυναλλαγῆναι</em></strong></span> <span class='ocrx_word' id='word_1_56' title='bbox 700 937 812 1025; x_wconf 83' lang='grc' dir='ltr'><strong><em>αόθις.</em></strong></span> <span class='ocrx_word' id='word_1_57' title='bbox 856 944 1108 1034; x_wconf 80' lang='grc' dir='ltr'><strong><em>ἀναγέγραπται</em></strong></span> <span class='ocrx_word' id='word_1_58' title='bbox 1125 945 1167 1014; x_wconf 72' lang='grc' dir='ltr'><strong><em>δὲ</em></strong></span> 
     </span>
     <span class='ocr_line' id='line_1_10' title="bbox 165 1042 1201 1136; baseline -0.002 -20"><span class='ocrx_word' id='word_1_59' title='bbox 165 1067 180 1116; x_wconf 83' lang='grc'>3</span> <span class='ocrx_word' id='word_1_60' title='bbox 199 1047 241 1136; x_wconf 85' lang='grc' dir='ltr'><strong><em>όῆ</em></strong></span> <span class='ocrx_word' id='word_1_61' title='bbox 260 1049 316 1115; x_wconf 81' lang='grc' dir='ltr'><strong><em>καὶ</em></strong></span> <span class='ocrx_word' id='word_1_62' title='bbox 334 1046 467 1114; x_wconf 82' lang='grc' dir='ltr'><strong><em>τοῖόσδε</em></strong></span> <span class='ocrx_word' id='word_1_63' title='bbox 485 1047 596 1134; x_wconf 88' lang='grc' dir='ltr'><strong><em>λόγος.</em></strong></span> <span class='ocrx_word' id='word_1_64' title='bbox 639 1053 818 1136; x_wconf 87' lang='grc' dir='ltr'><strong><em>προπίνειν</em></strong></span> <span class='ocrx_word' id='word_1_65' title='bbox 836 1045 959 1134; x_wconf 80' lang='grc' dir='ltr'><strong><em>φιάλην</em></strong></span> <span class='ocrx_word' id='word_1_66' title='bbox 979 1051 1109 1135; x_wconf 78' lang='grc' dir='ltr'><strong><em>χρυσῆν</em></strong></span> <span class='ocrx_word' id='word_1_67' title='bbox 1128 1047 1167 1114; x_wconf 88' lang='grc' dir='ltr'><strong><em>ἐν</em></strong></span> <span class='ocrx_word' id='word_1_68' title='bbox 1196 1042 1201 1053; x_wconf 78' lang='grc'><em>’</em></span> 
     </span>
     <span class='ocr_line' id='line_1_11' title="bbox 198 1144 1293 1239; baseline 0.004 -23"><span class='ocrx_word' id='word_1_69' title='bbox 198 1148 313 1239; x_wconf 80' lang='grc' dir='ltr'><strong><em>κύκλῳ</em></strong></span> <span class='ocrx_word' id='word_1_70' title='bbox 329 1146 548 1236; x_wconf 75' lang='grc' dir='ltr'><strong><em>Ἀλέξανδρον</em></strong></span> <span class='ocrx_word' id='word_1_71' title='bbox 570 1147 715 1235; x_wconf 79' lang='grc' dir='ltr'><strong><em>πράτοις</em></strong></span> <span class='ocrx_word' id='word_1_72' title='bbox 733 1145 799 1235; x_wconf 74' lang='grc' dir='ltr'><strong><em>μὲν</em></strong></span> <span class='ocrx_word' id='word_1_73' title='bbox 819 1146 950 1228; x_wconf 78' lang='grc' dir='ltr'><strong><em>τούτοις</em></strong></span> <span class='ocrx_word' id='word_1_74' title='bbox 970 1146 1054 1236; x_wconf 83' lang='grc' dir='ltr'><strong><em>πρὸς</em></strong></span> <span class='ocrx_word' id='word_1_75' title='bbox 1080 1144 1167 1218; x_wconf 78' lang='grc' dir='ltr'><strong><em>οὕσ-</em></strong></span> <span class='ocrx_word' id='word_1_76' title='bbox 1181 1181 1211 1220; x_wconf 81' lang='grc' dir='ltr'><strong><em>το</em></strong></span> <span class='ocrx_word' id='word_1_77' title='bbox 1289 1147 1293 1228; x_wconf 65' lang='grc' dir='ltr'><strong><em>ί</em></strong></span> 
     </span>
     <span class='ocr_line' id='line_1_12' title="bbox 199 1243 1293 1349; baseline -0.001 -31"><span class='ocrx_word' id='word_1_78' title='bbox 199 1275 291 1328; x_wconf 90' lang='grc' dir='ltr'><strong><em>τινας</em></strong></span> <span class='ocrx_word' id='word_1_79' title='bbox 309 1249 481 1330; x_wconf 79' lang='grc' dir='ltr'><strong><em>ξυνέκειτο</em></strong></span> <span class='ocrx_word' id='word_1_80' title='bbox 492 1243 594 1338; x_wconf 71' lang='grc' dir='ltr'><strong><em>αὐτῷ</em></strong></span> <span class='ocrx_word' id='word_1_81' title='bbox 612 1246 652 1316; x_wconf 81' lang='grc' dir='ltr'><strong><em>τά</em></strong></span> <span class='ocrx_word' id='word_1_82' title='bbox 670 1251 731 1335; x_wconf 89' lang='grc' dir='ltr'><strong><em>τῆς</em></strong></span> <span class='ocrx_word' id='word_1_83' title='bbox 748 1247 1026 1337; x_wconf 82' lang='grc' dir='ltr'><strong><em>προσκυνήσεως·</em></strong></span> <span class='ocrx_word' id='word_1_84' title='bbox 1052 1247 1113 1316; x_wconf 87' lang='grc' dir='ltr'><strong><em>τὸν</em></strong></span> <span class='ocrx_word' id='word_1_85' title='bbox 1127 1247 1168 1317; x_wconf 73' lang='grc' dir='ltr'><strong><em>δὲ</em></strong></span> <span class='ocrx_word' id='word_1_86' title='bbox 1292 1300 1293 1349; x_wconf 84' lang='grc'><strong><em>,</em></strong></span> 
     </span>
     <span class='ocr_line' id='line_1_13' title="bbox 199 1348 1168 1439; baseline -0.001 -21"><span class='ocrx_word' id='word_1_87' title='bbox 199 1353 332 1439; x_wconf 81' lang='grc' dir='ltr'><strong><em>πρῶτον</em></strong></span> <span class='ocrx_word' id='word_1_88' title='bbox 361 1348 519 1418; x_wconf 75' lang='grc' dir='ltr'><strong><em>ἐκπιόντα</em></strong></span> <span class='ocrx_word' id='word_1_89' title='bbox 544 1349 605 1434; x_wconf 81' lang='grc' dir='ltr'><strong><em>τῆν</em></strong></span> <span class='ocrx_word' id='word_1_90' title='bbox 631 1349 756 1438; x_wconf 85' lang='grc' dir='ltr'><strong><em>φιάλην</em></strong></span> <span class='ocrx_word' id='word_1_91' title='bbox 773 1351 1011 1436; x_wconf 89' lang='grc' dir='ltr'><strong><em>προσκυνῆσαί</em></strong></span> <span class='ocrx_word' id='word_1_92' title='bbox 1025 1375 1061 1417; x_wconf 92' lang='grc' dir='ltr'><strong><em>τε</em></strong></span> <span class='ocrx_word' id='word_1_93' title='bbox 1079 1348 1168 1418; x_wconf 85' lang='grc' dir='ltr'><strong><em>άνα·</em></strong></span> 
     </span>
     <span class='ocr_line' id='line_1_14' title="bbox 200 1446 1293 1549; baseline 0 -30"><span class='ocrx_word' id='word_1_94' title='bbox 200 1450 326 1519; x_wconf 86' lang='grc' dir='ltr'><strong><em>στάντα</em></strong></span> <span class='ocrx_word' id='word_1_95' title='bbox 351 1451 409 1518; x_wconf 81' lang='grc' dir='ltr'><strong><em>καὶ</em></strong></span> <span class='ocrx_word' id='word_1_96' title='bbox 436 1453 621 1537; x_wconf 77' lang='grc' dir='ltr'><strong><em>φιληθῆναι</em></strong></span> <span class='ocrx_word' id='word_1_97' title='bbox 639 1447 724 1538; x_wconf 83' lang='grc' dir='ltr'><strong><em>πρὸς</em></strong></span> <span class='ocrx_word' id='word_1_98' title='bbox 742 1446 863 1536; x_wconf 79' lang='grc' dir='ltr'><strong><em>αὐτοῦ,</em></strong></span> <span class='ocrx_word' id='word_1_99' title='bbox 890 1449 1066 1520; x_wconf 80' lang='grc' dir='ltr'><strong><em>καὶτοῦτο</em></strong></span> <span class='ocrx_word' id='word_1_100' title='bbox 1086 1453 1168 1536; x_wconf 78' lang='grc' dir='ltr'><strong><em>ἐφε-</em></strong></span> <span class='ocrx_word' id='word_1_101' title='bbox 1292 1455 1293 1549; x_wconf 54' lang='grc' dir='ltr'><strong><em>η</em></strong></span> 
     </span>
     <span class='ocr_line' id='line_1_15' title="bbox 164 1549 1168 1639; baseline 0.004 -23"><span class='ocrx_word' id='word_1_102' title='bbox 164 1550 257 1638; x_wconf 74' lang='grc' dir='ltr'><strong><em>εξῆς</em></strong></span> <span class='ocrx_word' id='word_1_103' title='bbox 279 1550 333 1618; x_wconf 79' lang='grc' dir='ltr'><strong><em>διὰ</em></strong></span> <span class='ocrx_word' id='word_1_104' title='bbox 359 1549 497 1624; x_wconf 89' lang='grc' dir='ltr'><strong><em>πάντων</em></strong></span> <span class='ocrx_word' id='word_1_105' title='bbox 520 1549 677 1637; x_wconf 87' lang='grc' dir='ltr'><strong><em>χωρῆσαι.</em></strong></span> <span class='ocrx_word' id='word_1_106' title='bbox 730 1549 776 1629; x_wconf 71' lang='grc' dir='ltr'><strong><em>τίς</em></strong></span> <span class='ocrx_word' id='word_1_107' title='bbox 797 1549 841 1620; x_wconf 79' lang='grc' dir='ltr'><strong><em>.θέ</em></strong></span> <span class='ocrx_word' id='word_1_108' title='bbox 869 1553 903 1630; x_wconf 81' lang='grc' dir='ltr'><strong><em>ἐς</em></strong></span> <span class='ocrx_word' id='word_1_109' title='bbox 929 1553 1168 1639; x_wconf 80' lang='grc' dir='ltr'><strong><em>Καλλισθένην</em></strong></span> 
     </span>
     <span class='ocr_line' id='line_1_16' title="bbox 198 1643 1211 1740; baseline -0.002 -20"><span class='ocrx_word' id='word_1_110' title='bbox 198 1643 278 1740; x_wconf 87' lang='grc' dir='ltr'><strong><em>ῆκεν</em></strong></span> <span class='ocrx_word' id='word_1_111' title='bbox 302 1648 322 1737; x_wconf 89' lang='grc' dir='ltr'><strong><em>ῆ</em></strong></span> <span class='ocrx_word' id='word_1_112' title='bbox 347 1649 527 1740; x_wconf 78' lang='grc' dir='ltr'><strong><em>πρόποσις,</em></strong></span> <span class='ocrx_word' id='word_1_113' title='bbox 555 1646 741 1738; x_wconf 89' lang='grc' dir='ltr'><strong><em>άναστῆναι</em></strong></span> <span class='ocrx_word' id='word_1_114' title='bbox 765 1650 829 1738; x_wconf 81' lang='grc' dir='ltr'><strong><em>μὲν</em></strong></span> <span class='ocrx_word' id='word_1_115' title='bbox 848 1653 1083 1740; x_wconf 75' lang='grc' dir='ltr'><strong><em>Καλλισθένην</em></strong></span> <span class='ocrx_word' id='word_1_116' title='bbox 1108 1653 1167 1720; x_wconf 77' lang='grc' dir='ltr'><strong><em>καί</em></strong></span> <span class='ocrx_word' id='word_1_117' title='bbox 1182 1679 1211 1719; x_wconf 84' lang='lat'><strong><em>15</em></strong></span> 
     </span>
     <span class='ocr_line' id='line_1_17' title="bbox 200 1750 1167 1840; baseline 0.002 -20"><span class='ocrx_word' id='word_1_118' title='bbox 200 1755 326 1821; x_wconf 80' lang='grc' dir='ltr'><strong><em>ἐκπιεῖν</em></strong></span> <span class='ocrx_word' id='word_1_119' title='bbox 343 1750 405 1840; x_wconf 86' lang='grc' dir='ltr'><strong><em>τήν</em></strong></span> <span class='ocrx_word' id='word_1_120' title='bbox 420 1751 556 1840; x_wconf 90' lang='grc' dir='ltr'><strong><em>φιάλην,</em></strong></span> <span class='ocrx_word' id='word_1_121' title='bbox 581 1754 639 1820; x_wconf 81' lang='grc' dir='ltr'><strong><em>καὶ</em></strong></span> <span class='ocrx_word' id='word_1_122' title='bbox 657 1751 888 1840; x_wconf 76' lang='grc' dir='ltr'><strong><em>προσελθόντα</em></strong></span> <span class='ocrx_word' id='word_1_123' title='bbox 907 1753 1037 1822; x_wconf 86' lang='grc' dir='ltr'><strong><em>ἐθέλειν</em></strong></span> <span class='ocrx_word' id='word_1_124' title='bbox 1063 1757 1167 1840; x_wconf 85' lang='grc' dir='ltr'><strong><em>φιλῆ-</em></strong></span> 
     </span>
     <span class='ocr_line' id='line_1_18' title="bbox 200 1852 1167 1942; baseline -0.002 -18"><span class='ocrx_word' id='word_1_125' title='bbox 200 1873 255 1924; x_wconf 90' lang='grc' dir='ltr'><strong><em>σαι</em></strong></span> <span class='ocrx_word' id='word_1_126' title='bbox 280 1852 321 1924; x_wconf 88' lang='grc' dir='ltr'><strong><em>οό</em></strong></span> <span class='ocrx_word' id='word_1_127' title='bbox 349 1852 640 1942; x_wconf 88' lang='grc' dir='ltr'><strong><em>προσκυνήσαντα.</em></strong></span> <span class='ocrx_word' id='word_1_128' title='bbox 695 1853 756 1921; x_wconf 89' lang='grc' dir='ltr'><strong><em>τόν</em></strong></span> <span class='ocrx_word' id='word_1_129' title='bbox 788 1852 827 1922; x_wconf 74' lang='grc' dir='ltr'><strong><em>δέ</em></strong></span> <span class='ocrx_word' id='word_1_130' title='bbox 858 1867 974 1938; x_wconf 80' lang='grc' dir='ltr'><strong><em>τυχεῖν</em></strong></span> <span class='ocrx_word' id='word_1_131' title='bbox 1004 1853 1068 1940; x_wconf 71' lang='grc' dir='ltr'><strong><em>μὲν</em></strong></span> <span class='ocrx_word' id='word_1_132' title='bbox 1090 1853 1167 1922; x_wconf 88' lang='grc' dir='ltr'><strong><em>τότε</em></strong></span> 
     </span>
     <span class='ocr_line' id='line_1_19' title="bbox 200 1951 1167 2042; baseline -0.001 -19"><span class='ocrx_word' id='word_1_133' title='bbox 200 1954 439 2042; x_wconf 80' lang='grc' dir='ltr'><strong><em>διαλεγόμενον</em></strong></span> <span class='ocrx_word' id='word_1_134' title='bbox 462 1952 697 2042; x_wconf 85' lang='grc' dir='ltr'><strong><em>Ἡφαιστίωνι·</em></strong></span> <span class='ocrx_word' id='word_1_135' title='bbox 748 1951 877 2022; x_wconf 81' lang='grc' dir='ltr'><strong><em>οόκουν</em></strong></span> <span class='ocrx_word' id='word_1_136' title='bbox 903 1954 1079 2041; x_wconf 84' lang='grc' dir='ltr'><strong><em>προσέχειν</em></strong></span> <span class='ocrx_word' id='word_1_137' title='bbox 1104 1954 1167 2022; x_wconf 86' lang='grc' dir='ltr'><strong><em>τὸν</em></strong></span> 
     </span>
     <span class='ocr_line' id='line_1_20' title="bbox 199 2053 1164 2145; baseline -0.002 -21"><span class='ocrx_word' id='word_1_138' title='bbox 199 2057 306 2140; x_wconf 77' lang='grc' dir='ltr'><strong><em>νοῦν,</em></strong></span> <span class='ocrx_word' id='word_1_139' title='bbox 332 2061 364 2124; x_wconf 89' lang='grc' dir='ltr'><strong><em>εί</em></strong></span> <span class='ocrx_word' id='word_1_140' title='bbox 388 2053 445 2122; x_wconf 75' lang='grc' dir='ltr'><strong><em>καὶ</em></strong></span> <span class='ocrx_word' id='word_1_141' title='bbox 471 2053 512 2121; x_wconf 84' lang='grc' dir='ltr'><strong><em>τά</em></strong></span> <span class='ocrx_word' id='word_1_142' title='bbox 538 2055 597 2140; x_wconf 90' lang='grc' dir='ltr'><strong><em>τῆς</em></strong></span> <span class='ocrx_word' id='word_1_143' title='bbox 622 2053 883 2143; x_wconf 84' lang='grc' dir='ltr'><strong><em>προσκυνήσεως</em></strong></span> <span class='ocrx_word' id='word_1_144' title='bbox 917 2057 1047 2140; x_wconf 79' lang='grc' dir='ltr'><strong><em>ἐπιτελῆ</em></strong></span> <span class='ocrx_word' id='word_1_145' title='bbox 1070 2053 1164 2145; x_wconf 78' lang='grc' dir='ltr'><strong><em>αὐτῷ</em></strong></span> 
     </span>
     <span class='ocr_line' id='line_1_21' title="bbox 165 2152 1210 2245; baseline 0.001 -22"><span class='ocrx_word' id='word_1_146' title='bbox 165 2155 422 2225; x_wconf 76' lang='grc' dir='ltr'><strong><em>σΚαλλισθένει</em></strong></span> <span class='ocrx_word' id='word_1_147' title='bbox 460 2155 601 2239; x_wconf 85' lang='grc' dir='ltr'><strong><em>ἐγένετο.</em></strong></span> <span class='ocrx_word' id='word_1_148' title='bbox 663 2152 749 2222; x_wconf 79' lang='grc' dir='ltr'><strong><em>ἀλλὰ</em></strong></span> <span class='ocrx_word' id='word_1_149' title='bbox 782 2155 976 2245; x_wconf 86' lang='grc' dir='ltr'><strong><em>Δημήτριον</em></strong></span> <span class='ocrx_word' id='word_1_150' title='bbox 1007 2153 1073 2244; x_wconf 86' lang='grc' dir='ltr'><strong><em>γάρ</em></strong></span> <span class='ocrx_word' id='word_1_151' title='bbox 1105 2154 1210 2224; x_wconf 80' lang='grc' dir='ltr'><strong><em>τόννο</em></strong></span> 
     </span>
     <span class='ocr_line' id='line_1_22' title="bbox 200 2255 1166 2350; baseline -0.002 -22"><span class='ocrx_word' id='word_1_152' title='bbox 200 2255 445 2340; x_wconf 77' lang='grc' dir='ltr'><strong><em>Πυθώνακτος,</em></strong></span> <span class='ocrx_word' id='word_1_153' title='bbox 473 2257 533 2322; x_wconf 80' lang='grc' dir='ltr'><strong><em>ἕνα</em></strong></span> <span class='ocrx_word' id='word_1_154' title='bbox 558 2257 627 2322; x_wconf 81' lang='grc' dir='ltr'><strong><em>τόν</em></strong></span> <span class='ocrx_word' id='word_1_155' title='bbox 656 2256 811 2350; x_wconf 79' lang='grc' dir='ltr'><strong><em>ἑταίρων,</em></strong></span> <span class='ocrx_word' id='word_1_156' title='bbox 838 2255 883 2336; x_wconf 68' lang='grc' dir='ltr'><strong><em>οἱς</em></strong></span> <span class='ocrx_word' id='word_1_157' title='bbox 909 2256 1050 2346; x_wconf 83' lang='grc' dir='ltr'><strong><em>προσήει</em></strong></span> <span class='ocrx_word' id='word_1_158' title='bbox 1072 2255 1166 2350; x_wconf 77' lang='grc' dir='ltr'><strong><em>αὐτῷ</em></strong></span> 
     </span>
     <span class='ocr_line' id='line_1_23' title="bbox 200 2351 1167 2479; baseline 0 -53"><span class='ocrx_word' id='word_1_159' title='bbox 200 2351 218 2426; x_wconf 89' lang='grc' dir='ltr'>ὁ</span> <span class='ocrx_word' id='word_1_160' title='bbox 237 2357 471 2442; x_wconf 87' lang='grc' dir='ltr'><strong><em>Καλλισθένης</em></strong></span> <span class='ocrx_word' id='word_1_161' title='bbox 486 2355 659 2479; x_wconf 85' lang='grc' dir='ltr'><strong><em>φιλήσων,</em></strong></span> <span class='ocrx_word' id='word_1_162' title='bbox 677 2353 784 2444; x_wconf 86' lang='grc' dir='ltr'><strong><em>φάναι</em></strong></span> <span class='ocrx_word' id='word_1_163' title='bbox 801 2353 857 2425; x_wconf 83' lang='grc' dir='ltr'><strong><em>ότι</em></strong></span> <span class='ocrx_word' id='word_1_164' title='bbox 868 2351 910 2426; x_wconf 88' lang='grc' dir='ltr'><strong><em>ου’</em></strong></span> <span class='ocrx_word' id='word_1_165' title='bbox 930 2357 1167 2445; x_wconf 86' lang='grc' dir='ltr'><strong><em>προσκυνήσας</em></strong></span> 
     </span>
     <span class='ocr_line' id='line_1_24' title="bbox 199 2453 1168 2580; baseline 0 -54"><span class='ocrx_word' id='word_1_166' title='bbox 199 2457 365 2544; x_wconf 84' lang='grc' dir='ltr'><strong><em>πρόσεισι·</em></strong></span> <span class='ocrx_word' id='word_1_167' title='bbox 385 2455 494 2524; x_wconf 87' lang='grc' dir='ltr'><strong><em>καὶ</em></strong></span> <span class='ocrx_word' id='word_1_168' title='bbox 460 2482 521 2524; x_wconf 92' lang='grc' dir='ltr'><strong><em>τον</em></strong></span> <span class='ocrx_word' id='word_1_169' title='bbox 530 2453 811 2544; x_wconf 74' lang='grc' dir='ltr'><strong><em>Ἀλέξανδρον’</em></strong></span> <span class='ocrx_word' id='word_1_170' title='bbox 769 2483 811 2526; x_wconf 95' lang='grc' dir='ltr'><strong><em>ου</em></strong></span> <span class='ocrx_word' id='word_1_171' title='bbox 827 2473 1014 2546; x_wconf 85' lang='grc' dir='ltr'><strong><em>παρασχεῖν</em></strong></span> <span class='ocrx_word' id='word_1_172' title='bbox 1030 2461 1168 2580; x_wconf 80' lang='grc' dir='ltr'><strong><em>φιλῆσαι</em></strong></span> 
     </span>
     <span class='ocr_line' id='line_1_25' title="bbox 202 2554 1165 2666; baseline 0.001 -40"><span class='ocrx_word' id='word_1_173' title='bbox 202 2555 340 2626; x_wconf 78' lang='grc' dir='ltr'><strong><em>ἑαυτόν</em></strong></span> <span class='ocrx_word' id='word_1_174' title='bbox 379 2556 439 2624; x_wconf 85' lang='grc' dir='ltr'><strong><em>τόν</em></strong></span> <span class='ocrx_word' id='word_1_175' title='bbox 475 2554 514 2626; x_wconf 69' lang='grc' dir='ltr'><strong><em>δέ</em></strong></span> <span class='ocrx_word' id='word_1_176' title='bbox 547 2557 801 2646; x_wconf 87' lang='grc' dir='ltr'><strong><em>Καλλισθένην,</em></strong></span> <span class='ocrx_word' id='word_1_177' title='bbox 837 2558 1013 2666; x_wconf 85' lang='grc' dir='ltr'><strong><em>φιλήματι,</em></strong></span> <span class='ocrx_word' id='word_1_178' title='bbox 1048 2558 1165 2648; x_wconf 89' lang='grc' dir='ltr'><strong><em>φάναι,</em></strong></span> 
     </span>
     <span class='ocr_line' id='line_1_26' title="bbox 203 2654 1208 2745; baseline 0 -18"><span class='ocrx_word' id='word_1_179' title='bbox 203 2663 338 2728; x_wconf 81' lang='grc' dir='ltr'><strong><em>ἔλαττον</em></strong></span> <span class='ocrx_word' id='word_1_180' title='bbox 367 2654 501 2745; x_wconf 80' lang='grc' dir='ltr'><strong><em>ἔχων”</em></strong></span> <span class='ocrx_word' id='word_1_181' title='bbox 479 2681 599 2744; x_wconf 85' lang='grc' dir='ltr'><strong><em>απειμι.</em></strong></span> <span class='ocrx_word' id='word_1_182' title='bbox 1179 2685 1208 2727; x_wconf 82' lang='grc' dir='ltr'><strong><em>ιε</em></strong></span> 
     </span>
     <span class='ocr_line' id='line_1_27' title="bbox 167 2755 1166 2848; baseline 0.001 -20"><span class='ocrx_word' id='word_1_183' title='bbox 167 2769 184 2818; x_wconf 81' lang='grc' dir='ltr'><strong><em>θ</em></strong></span> <span class='ocrx_word' id='word_1_184' title='bbox 280 2759 349 2828; x_wconf 82' lang='grc' dir='ltr'><strong><em>Καὶ</em></strong></span> <span class='ocrx_word' id='word_1_185' title='bbox 381 2757 513 2828; x_wconf 87' lang='grc' dir='ltr'><strong><em>τοότων</em></strong></span> <span class='ocrx_word' id='word_1_186' title='bbox 546 2755 656 2842; x_wconf 76' lang='grc' dir='ltr'><strong><em>ἐγώ</em></strong></span> <span class='ocrx_word' id='word_1_187' title='bbox 645 2755 752 2826; x_wconf 85' lang='grc' dir='ltr'><strong><em>όσαέ</em></strong></span> <span class='ocrx_word' id='word_1_188' title='bbox 752 2785 769 2838; x_wconf 85' lang='grc' dir='ltr'><strong><em>ς</em></strong></span> <span class='ocrx_word' id='word_1_189' title='bbox 795 2757 897 2848; x_wconf 79' lang='grc' dir='ltr'><strong><em>ὕβριν</em></strong></span> <span class='ocrx_word' id='word_1_190' title='bbox 924 2785 960 2828; x_wconf 88' lang='grc' dir='ltr'><strong><em>τε</em></strong></span> <span class='ocrx_word' id='word_1_191' title='bbox 984 2759 1166 2846; x_wconf 86' lang='grc' dir='ltr'><strong><em>τῆν-Ἀλε-</em></strong></span> 
     </span>
     <span class='ocr_line' id='line_1_28' title="bbox 201 2857 1167 2948; baseline 0.002 -21"><span class='ocrx_word' id='word_1_192' title='bbox 201 2857 405 2948; x_wconf 77' lang='grc' dir='ltr'><strong><em>ξάνόρου</em></strong></span> <span class='ocrx_word' id='word_1_193' title='bbox 368 2885 430 2946; x_wconf 90' lang='grc' dir='ltr'><strong><em>την</em></strong></span> <span class='ocrx_word' id='word_1_194' title='bbox 452 2861 490 2928; x_wconf 84' lang='grc' dir='ltr'><strong><em>ἐν</em></strong></span> <span class='ocrx_word' id='word_1_195' title='bbox 507 2863 554 2948; x_wconf 76' lang='grc' dir='ltr'><strong><em>τῷ</em></strong></span> <span class='ocrx_word' id='word_1_196' title='bbox 573 2865 765 2944; x_wconf 89' lang='grc' dir='ltr'><strong><em>παραυτίκα</em></strong></span> <span class='ocrx_word' id='word_1_197' title='bbox 782 2859 839 2928; x_wconf 81' lang='grc' dir='ltr'><strong><em>καὶ</em></strong></span> <span class='ocrx_word' id='word_1_198' title='bbox 858 2861 892 2938; x_wconf 87' lang='grc' dir='ltr'><strong><em>ἐς</em></strong></span> <span class='ocrx_word' id='word_1_199' title='bbox 910 2859 1087 2948; x_wconf 88' lang='grc' dir='ltr'><strong><em>σκαιότητα</em></strong></span> <span class='ocrx_word' id='word_1_200' title='bbox 1104 2859 1167 2948; x_wconf 83' lang='grc' dir='ltr'><strong><em>τήν</em></strong></span> 
     </span>
     <span class='ocr_line' id='line_1_29' title="bbox 201 2957 1166 3048; baseline 0.001 -19"><span class='ocrx_word' id='word_1_201' title='bbox 201 2959 458 3039; x_wconf 89' lang='grc' dir='ltr'><strong><em>Καλλισθένους</em></strong></span> <span class='ocrx_word' id='word_1_202' title='bbox 477 2959 635 3046; x_wconf 87' lang='grc' dir='ltr'><strong><em>φέροντα,</em></strong></span> <span class='ocrx_word' id='word_1_203' title='bbox 651 2957 755 3028; x_wconf 77' lang='grc' dir='ltr'><strong><em>οὐδὲν</em></strong></span> <span class='ocrx_word' id='word_1_204' title='bbox 768 2959 902 3048; x_wconf 80' lang='grc' dir='ltr'><strong><em>οόδαμῆ</em></strong></span> <span class='ocrx_word' id='word_1_205' title='bbox 917 2963 1059 3031; x_wconf 68' lang='grc' dir='ltr'><strong><em>ἐπαινοῖ·</em></strong></span> <span class='ocrx_word' id='word_1_206' title='bbox 1079 2959 1166 3030; x_wconf 83' lang='grc' dir='ltr'><strong><em>άλλά</em></strong></span> 
     </span>
     <span class='ocr_line' id='line_1_30' title="bbox 201 3057 1165 3182; baseline 0.003 -55"><span class='ocrx_word' id='word_1_207' title='bbox 201 3058 239 3128; x_wconf 88' lang='grc' dir='ltr'><strong><em>τό</em></strong></span> <span class='ocrx_word' id='word_1_208' title='bbox 258 3057 338 3128; x_wconf 91' lang='grc' dir='ltr'><strong><em>καθ’</em></strong></span> <span class='ocrx_word' id='word_1_209' title='bbox 354 3058 461 3128; x_wconf 79' lang='grc' dir='ltr'><strong><em>αὑτὸν</em></strong></span> <span class='ocrx_word' id='word_1_210' title='bbox 475 3059 540 3144; x_wconf 85' lang='grc' dir='ltr'><strong><em>γάρ</em></strong></span> <span class='ocrx_word' id='word_1_211' title='bbox 545 3065 703 3182; x_wconf 83' lang='grc' dir='ltr'><strong><em>κοσμίως</em></strong></span> <span class='ocrx_word' id='word_1_212' title='bbox 721 3065 879 3132; x_wconf 87' lang='grc' dir='ltr'><strong><em>τίθεσθαι</em></strong></span> <span class='ocrx_word' id='word_1_213' title='bbox 899 3064 1050 3152; x_wconf 87' lang='grc' dir='ltr'><strong><em>ἐξαρκεῖν</em></strong></span> <span class='ocrx_word' id='word_1_214' title='bbox 1067 3069 1165 3151; x_wconf 89' lang='grc' dir='ltr'><strong><em>φημί,</em></strong></span> 
     </span>
     <span class='ocr_line' id='line_1_31' title="bbox 201 3155 1206 3256; baseline 0.004 -28"><span class='ocrx_word' id='word_1_215' title='bbox 201 3155 391 3240; x_wconf 78' lang='grc' dir='ltr'><strong><em>αὔξοντα</em></strong></span> <span class='ocrx_word' id='word_1_216' title='bbox 367 3185 412 3238; x_wconf 91' lang='grc' dir='ltr'><strong><em>ως</em></strong></span> <span class='ocrx_word' id='word_1_217' title='bbox 430 3157 578 3227; x_wconf 84' lang='grc' dir='ltr'><strong><em>άνυστόν</em></strong></span> <span class='ocrx_word' id='word_1_218' title='bbox 597 3158 637 3227; x_wconf 84' lang='grc' dir='ltr'><strong><em>τά</em></strong></span> <span class='ocrx_word' id='word_1_219' title='bbox 655 3162 819 3247; x_wconf 83' lang='grc' dir='ltr'><strong><em>βασιλέως</em></strong></span> <span class='ocrx_word' id='word_1_220' title='bbox 837 3162 1016 3251; x_wconf 89' lang='grc' dir='ltr'><strong><em>πράγματα</em></strong></span> <span class='ocrx_word' id='word_1_221' title='bbox 1034 3161 1101 3256; x_wconf 78' lang='grc' dir='ltr'><strong><em>ὅτῳ</em></strong></span> <span class='ocrx_word' id='word_1_222' title='bbox 1118 3189 1166 3243; x_wconf 90' lang='grc' dir='ltr'><strong><em>τις</em></strong></span> <span class='ocrx_word' id='word_1_223' title='bbox 1178 3188 1206 3232; x_wconf 83' lang='grc' dir='ltr'><strong><em>ιο</em></strong></span> 
     </span>
     <span class='ocr_line' id='line_1_32' title="bbox 168 3253 1164 3346; baseline 0.002 -18.072"><span class='ocrx_word' id='word_1_224' title='bbox 168 3262 352 3342; x_wconf 72' lang='grc' dir='ltr'><strong><em>λξυνεῖναι</em></strong></span> <span class='ocrx_word' id='word_1_225' title='bbox 384 3257 448 3327; x_wconf 85' lang='grc' dir='ltr'><strong><em>οόκ</em></strong></span> <span class='ocrx_word' id='word_1_226' title='bbox 482 3253 681 3346; x_wconf 80' lang='grc' dir='ltr'><strong><em>άπηξίωσεν.</em></strong></span> <span class='ocrx_word' id='word_1_227' title='bbox 742 3261 870 3330; x_wconf 82' lang='grc' dir='ltr'><strong><em>οόκουν</em></strong></span> <span class='ocrx_word' id='word_1_228' title='bbox 903 3257 1089 3344; x_wconf 77' lang='grc' dir='ltr'><strong><em>ἀπεικότως</em></strong></span> <span class='ocrx_word' id='word_1_229' title='bbox 1116 3263 1164 3332; x_wconf 80' lang='grc' dir='ltr'><strong><em>δι’</em></strong></span> 
     </span>
     <span class='ocr_line' id='line_1_33' title="bbox 201 3357 1166 3450; baseline 0.006 -22"><span class='ocrx_word' id='word_1_230' title='bbox 201 3359 383 3446; x_wconf 73' lang='grc' dir='ltr'><strong><em>ἀπεχθείας</em></strong></span> <span class='ocrx_word' id='word_1_231' title='bbox 405 3359 564 3445; x_wconf 86' lang='grc' dir='ltr'><strong><em>γενέσθαι</em></strong></span> <span class='ocrx_word' id='word_1_232' title='bbox 581 3357 790 3450; x_wconf 70' lang='grc' dir='ltr'><strong><em>Ἀλεξάνδρου</em></strong></span> <span class='ocrx_word' id='word_1_233' title='bbox 814 3362 1051 3447; x_wconf 89' lang='grc' dir='ltr'><strong><em>Καλλισθένην</em></strong></span> <span class='ocrx_word' id='word_1_234' title='bbox 1070 3371 1166 3434; x_wconf 82' lang='grc' dir='ltr'><strong><em>τί-θε</em></strong></span> 
     </span>
    </p>
   </div>
   <div class='ocr_carea' id='block_1_3' title="bbox 0 0 1319 3924">
    <p class='ocr_par' dir='ltr' id='par_1_3' title="bbox 0 0 1319 3924">
     <span class='ocr_line' id='line_1_34' title="bbox 0 0 1319 3924; baseline 0 0"><span class='ocrx_word' id='word_1_235' title='bbox 0 0 1319 3924; x_wconf 95' lang='lat' dir='ltr'><strong><em> </em></strong></span> 
     </span>
    </p>
   </div>
  </div>
 </body>
</html>
