2572 3920
466 169 649 223 ευιιιιιειε
667 173 692 235 ε,
712 172 735 222 τ.
1033 169 1077 234 65

112 312 234 399 πέμπει
260 307 368 379 ὀπίσω
396 304 452 378 ε’πὶ
475 306 602 397 Ἰσσόν,
637 309 950 399 κατασκεψομένους
977 313 1010 378 εί
1035 307 1076 378 τά

113 411 192 480 ὄντα
207 411 448 496 ἐξαγγέλλεται.
476 416 511 479 οἱ
523 410 563 478 δὲ
574 405 848 491 ἀναπλεύσαντες
861 416 904 499 τῇ
921 437 1076 499 τριακον-

113 512 219 604 τόρῳ,
252 509 305 580 ότι
321 509 496 597 κολπώδης
521 503 564 598 ἦν
581 508 601 597 η
618 511 723 600 ταύτη
742 510 916 598 θάλασσα,
947 509 1076 599 μᾶλλόν

112 639 144 680 τι
161 609 312 692 εύπεταῖς
329 605 580 699 κατέμαθου’
536 637 643 680 αυτου
630 611 984 700 στρατοπεδεύοντας
997 610 1077 692 τούς

45 713 264 804 εΠέρσας·
304 711 362 780 καί
385 705 659 798 ἀπαγγέλλουσιν
680 709 888 804 Ἀλεξάνδρῳ
908 714 944 781 ἐν
961 712 1077 802 χερσίν

113 811 200 882 εἶναι
217 824 376 902 Δαρεῖον.

185 911 222 982 Ὁ
240 912 278 981 δε
295 913 503 998 συγκαλέσας
521 911 730 1036 στρατηγούς
747 939 783 982 τε
798 913 855 982 καλ
870 848 1006 1002 ἰλάρχας
1019 913 1076 981 καί
1094 928 1111 976 ε

113 1041 182 1082 των
212 1011 393 1102 ξυμμάχων
423 1039 505 1094 τους
534 1007 701 1101 ἡγεμόνας
731 1013 910 1104 παρεκάλει
934 1023 1077 1102 θαρρεῖν

113 1141 177 1201 μιν
202 1115 330 1182 ἐκτῶν
354 1109 420 1200 ἤδη
444 1119 540 1201 σφίσι
566 1119 676 1194 καλως
693 1117 1005 1203 κεκινδυνευμένων
1021 1115 1078 1184 καὶ

76 1242 101 1280 ιο
114 1213 166 1284 ὅτι
197 1212 282 1304 πρός
304 1215 543 1302 νενικημένους
565 1207 585 1282 ὁ
609 1212 704 1300 ἀγόν
727 1214 938 1301 νενικηκόσιν
962 1212 1078 1294 αὐτοῖς

114 1321 207 1383 ἔσται
230 1315 287 1383 καί
310 1313 361 1382 ότι
376 1311 396 1382 ὁ
412 1313 494 1394 θεὸς
511 1311 600 1404 ὑπὲρ
618 1319 715 1402 σφολν
733 1330 914 1404 στρατηγεῖ
927 1313 1077 1403 άμειυον,

115 1415 170 1484 έπὶ
187 1418 276 1484 νοῦν
293 1421 429 1508 Δαρείῳ
448 1409 587 1501 άγαγοδν
605 1418 779 1506 καθείρξαι
796 1413 859 1502 την
877 1414 1024 1503 δύναμιν
1042 1417 1078 1483 έκ

113 1521 172 1603 τῆς
190 1513 402 1605 εὐρυχωρίας
421 1517 454 1596 ἐς
466 1514 508 1584 τά
522 1513 718 1606 στενόπορα,
736 1520 794 1584 ἵνα
807 1521 903 1604 σφίσι
916 1515 979 1604 μὲν
992 1515 1078 1604 ξύμ-

113 1642 238 1705 μετρον
261 1613 297 1684 τὸ
324 1621 449 1705 χωρίον
466 1613 653 1697 ἀναπτύξαι
669 1615 731 1703 τὴν
748 1615 922 1705 φάλαγγα,
951 1631 1021 1696 τοῖς
1040 1615 1078 1684 δὲ

78 1743 102 1782 ιε
115 1714 254 1806 ἀχρεῖον
270 1713 308 1784 τό
327 1721 459 1803 πλῆθος
478 1713 551 1804 [ὅτι]
571 1722 661 1786 ἔσται
677 1723 719 1806 τῇ
736 1715 837 1806 μάχη,
857 1716 936 1786 οὔτε
953 1715 995 1784 τά
1009 1715 1077 1785 σοι’·

114 1845 202 1906 ματα
219 1815 299 1886 ούτε
315 1815 373 1896 τάς
390 1815 527 1904 γνιύμας
544 1823 796 1906 παραπλησίοις.
823 1815 1113 1896 Μακεδόναςτε4

115 1915 180 2006 γάρ
195 1917 344 2008 Πέρσαις
357 1918 414 1986 καί
427 1916 570 2004 Μήδοις,
589 1919 626 1985 έκ
640 1916 731 1986 πάνυ
746 1922 875 1986 πολλοῦ
892 1922 1079 2006 τροφαῖσιν,

115 2015 242 2098 αύτούς
273 2019 311 2085 έν
340 2031 410 2098 τοῖς
440 2017 553 2096 πόνοις
578 2030 649 2097 τοῖς
673 2024 864 2105 πολεμικοῖς
888 2016 991 2085 πάλαι
1013 2013 1079 2104 ἤδη

115 2116 198 2206 μετὰ
220 2115 392 2188 κινδύνων
410 2115 658 2206 ἀσκουμένους,
689 2115 799 2198 άλλως
816 2144 852 2186 τε
869 2118 926 2186 καὶ
944 2115 1079 2198 δούλοις

77 2245 103 2286 ιο
116 2215 312 2307 ἀνθρύποις
336 2218 554 2308 ἐλευθέρους,
586 2220 619 2298 ἐς
649 2231 762 2307 χεῖρας
789 2216 896 2304 ἥξειν·
940 2216 1014 2288 ὅσοι
1044 2244 1080 2287 τε

106 2317 265 2405 Ἕλληνες
280 2317 448 2406 Ἕλλησιν,
473 2315 536 2405 ούχ
553 2315 642 2406 ὑπὲρ
665 2324 735 2389 τοῖν
757 2313 873 2388 αύττόν
889 2327 1079 2407 μαχεῖσθαι,

115 2417 203 2488 ἀλλά
216 2417 295 2498 τούς
308 2418 371 2506 μὲν
383 2416 448 2500 ξύν
461 2425 597 2510 Δαρείῳ
612 2419 666 2487 ἐπὶ
678 2424 791 2510 μισθῷ
804 2420 861 2488 καὶ
874 2417 957 2488 ούδὲ
969 2417 1078 2510 τούτῳ

116 2524 231 2610 πολλῷ
256 2518 533 2599 κινδυνεύοντας·
566 2517 647 2599 τούς
673 2518 712 2587 δὲ
737 2517 801 2599 ξύν
826 2526 960 2608 σφίσιν,
990 2516 1078 2605 ὑπὲρ

115 2626 173 2706 τῆς
186 2617 343 2700 Ἑλλάδος
358 2618 495 2700 ἑκόντας
508 2616 757 2707 ἀμυνομένους·
785 2619 967 2711 βαρβάρων
979 2647 1015 2689 τε
1033 2613 1079 2689 αὖ
1097 2631 1114 2682 5

79 2747 105 2786 ιτ
119 2725 256 2811 Θρᾷκας
283 2720 341 2788 καὶ
363 2725 514 2801 Παίονας
536 2720 594 2788 καὶ
614 2717 799 2811 Ἰλλυριούς
825 2721 881 2790 καὶ
901 2719 1079 2809 Ἀγριᾶνας

116 2818 196 2902 τούς
219 2818 489 2910 εὐρωστοτάτους
512 2821 634 2889 τετῶν
650 2819 734 2890 κατά
751 2821 814 2908 τήν
832 2817 1005 2908 Εύρόιιην
1023 2822 1080 2890 καὶ

116 2919 366 3009 μαχιμωτάτους
380 2919 465 3011 πρός
478 2919 518 2990 τά
532 2918 732 2990 άιιονύτατά
743 2947 780 2990 τε
793 2921 850 2988 καί
858 2919 1079 3008 μαλακώτατα

116 3024 174 3109 τῆς
194 3019 307 3100 ’Λσίας
329 3021 412 3108 γένη
435 3019 682 3102 ἀντιτάξεσθαι·
724 3022 779 3090 έπὶ
801 3020 840 3089 δὲ
860 3019 1079 3112 Ἀλέξανδρον

117 3117 389 3210 ἀντιστρατηγεῖν
398 3129 545 3214 Δαρείῳ.
562 3121 744 3210 ταῦταμὲν
757 3112 821 3190 οὖν
835 3123 869 3200 ές
883 3124 1080 3204 πλεονεξίαν
1097 3137 1115 3185 6

81 3227 179 3291 τετοῦ
202 3219 335 3310 ἀγῶνος.
357 3221 495 3312 ἐπεξῄει.
535 3221 577 3291 τά
600 3222 639 3291 δὲ
662 3215 754 3291 ἆθλα
776 3220 827 3290 ὅτι
843 3221 971 3311 μεγάλα
989 3228 1080 3292 ἔσται

119 3329 213 3411 σφίσι
230 3327 292 3396 τού
315 3322 479 3394 κινδύνου
499 3316 720 3392 ἐπεδείκνυεν.
765 3317 806 3391 ού
831 3322 896 3414 γάρ
920 3321 1000 3402 τούς
1018 3343 1080 3392 σα·

118 3422 245 3514 τράπας
262 3422 342 3504 τούς
356 3430 506 3515 Δαρείου
521 3425 558 3492 έν
570 3428 617 3516 τῷ
630 3422 705 3493 τότε
717 3421 905 3515 κρατήσειν,
923 3417 1006 3492 ούδὲ
1018 3421 1081 3508 τὴν

168 3542 297 3586 Annum
911 3537 928 3585 ὅ
