2620 3924
196 160 258 224 122
546 157 801 218 mamm?

158 271 347 382 svog⁸vm>s
361 301 490 390 φόρους
506 299 662 385 ἐκλέγειν.
693 297 883 385 κατέπεμψε
901 296 939 368 δέ
957 299 1013 366 καὶ
1033 301 1067 378 ἐς
1078 297 1157 388 Ἀρ·

194 410 314 491 μενίαν
341 402 527 490 Μιθρίνην,
543 400 736 490 σατράπην,
765 393 802 478 ὃς
831 399 893 484 τήν
926 403 962 468 ἐν
987 399 1156 488 Σάρδεσιν

194 503 379 593 ἀκρόπολιν
400 501 609 594 Ἀλεξάνδρμ
629 499 801 570 ἐνέδωκεν.
839 506 924 569 ἔνθα
949 499 991 586 δὴ
1009 502 1065 568 καὶ
1083 517 1156 581 τοῖς

195 610 377 692 Χαλδαίοις
397 603 564 690 ἐνέτυχεν,
582 603 639 671 καὶ
657 599 720 670 ὅσα
740 600 847 670 ἐδόκει
865 605 1048 680 Χαλδαίοις
1066 599 1156 690 άμφλ

193 707 235 774 τά
255 705 327 793 ίερά
345 703 386 772 τά
406 707 443 774 ἐν
460 706 641 792 Βαβυλῶνι
660 703 798 791 ἔπραξε,
815 701 857 770 τά
874 728 910 770 τε
927 699 1013 770 άλλα
1030 703 1087 771 καί
1105 707 1181 794 τῷε

194 806 293 898 Βήλῳ
311 804 386 874 καθ’
406 802 427 872 ά
448 807 569 874 ἐκεῖνον
586 803 769 892 ἐξηγοῦντο
788 810 922 872 ἔθυσεν.

158 920 177 968 6
276 905 386 986 Αύτός
400 905 438 974 δὲ
453 907 509 974 ἐπὶ
521 897 667 974 Σούσων
683 904 869 975 ἐστέλλετο·
887 906 944 973 καί
960 904 1156 990 ἐντυγχάνει

194 1007 289 1099 αύτῷ
312 1008 397 1076 κατὰ
421 1006 484 1094 τήν
508 1005 591 1075 ὁδὸν
614 1003 633 1074 ὅ
657 1033 693 1074 τε
716 1022 796 1084 παῖς
819 1008 880 1074 τοῦ
907 1013 1068 1074 Σουσίων
1091 1027 1154 1074 σα-

192 1109 325 1197 τράπου
343 1110 400 1176 καὶ
420 1106 510 1196 παρά
530 1107 713 1188 Φιλοξένου
733 1106 934 1186 ἐπιστολεύς.
974 1106 1155 1187 Φιλόξενον

193 1213 258 1300 γάρ
276 1208 383 1288 εύθύς
402 1211 438 1276 ἐκ
455 1211 513 1295 τῆς
531 1207 637 1296 μάχης
657 1210 713 1276 ἐπὶ
727 1207 873 1277 Σούσων
893 1209 1044 1277 ἐστάλκει
1058 1206 1154 1276 Ἀλέ-
1169 1235 1200 1280 10.

193 1315 346 1399 ξανδρος.
373 1311 414 1398 τῇ
436 1307 474 1377 δέ
494 1311 649 1398 ἐπιστολῇ
670 1313 713 1397 τῇ
732 1308 823 1397 παρά
839 1307 1021 1390 Φιλοξένου
1042 1307 1156 1394 ἐνεγέ-

193 1436 324 1499 γραπτο
341 1409 393 1480 ὅτι
409 1409 472 1496 τήν
493 1435 528 1478 τε
546 1410 645 1478 πόλιν
663 1415 699 1478 οί
721 1403 861 1478 Σούσιοὶ
879 1409 1156 1498 παραδεδώκασιν

158 1525 177 1575 7
194 1514 252 1582 καὶ
270 1512 310 1580 τά
330 1511 482 1599 χρήματα
499 1511 612 1578 πάντα
625 1511 699 1600 σῷά
717 1513 807 1579 ἐστιν
821 1509 1038 1602 Ἀλεξάνδρῳ.
1070 1509 1155 1599 άφί-

193 1639 270 1681 κετο
287 1611 326 1681 δέ
341 1615 374 1692 ἐς
388 1615 508 1681 Σοῦσα
518 1609 734 1700 Ἀλέξανδρος
750 1615 786 1680 ἐκ
800 1615 1005 1700 Βαβυλῶνος
1021 1614 1058 1681 έν
1070 1610 1155 1699 ἡμέ-

194 1741 267 1803 ραις
285 1721 405 1782 εἴκοσι·
433 1715 490 1780 καὶ
505 1710 687 1801 παρελθών
700 1721 749 1794 είς
762 1713 825 1800 τήν
842 1712 941 1782 πόλιν
958 1713 1000 1782 τά
1018 1740 1054 1782 τε
1070 1713 1152 1800 χρή·
1169 1739 1195 1780 ιι

193 1841 281 1902 ματα
297 1813 506 1902 παρέλαβεν,
525 1812 607 1882 ὄντα
624 1812 792 1903 άργυρίον
810 1813 959 1882 τάλαντα
978 1811 1011 1893 ἐς
1029 1839 1155 1882 πεντα-

193 1915 371 2004 κισμύρια,
389 1917 446 1986 καὶ
463 1913 525 2000 τήν
543 1913 649 2002 άλλην
666 1914 875 2002 κατασκευήν
891 1915 954 2002 τήν
971 1915 1154 2002 βασιλικήν.

194 2016 302 2085 πολλά
327 2016 366 2084 δέ
390 2017 447 2084 καὶ
465 2013 552 2084 άλλα
576 2016 770 2103 κατελήφθη
795 2015 917 2102 αύτού,
943 2013 1007 2084 ὅσα
1030 2017 1154 2103 Ξέρξης

195 2116 262 2186 άπὸ
275 2120 334 2204 τής
349 2116 507 2196 Ἑλλάδος
524 2115 618 2202 ἄγων
635 2109 733 2204 ἦλθε,
750 2116 793 2184 τά
809 2143 845 2186 τε
862 2115 948 2185 άλλα
962 2117 1020 2184 καὶ
1034 2116 1155 2203 Ἁρμο-

156 2223 272 2286 σδίου
290 2219 349 2285 ναὶ
369 2216 647 2305 Ἀριστογείτονος
670 2226 795 2302 χαλκαῖ
816 2218 954 2296 εἰκόνες.
994 2218 1051 2286 καὶ
1068 2217 1154 2286 ταύ·
1167 2243 1194 2284 εο

193 2345 253 2398 τας
273 2316 464 2406 Ἀθηναίοις
482 2315 592 2387 ὀπίσω
612 2317 733 2404 πέμπει
754 2317 990 2408 Ἀλέξανδρος,
1013 2319 1071 2386 καὶ
1087 2321 1155 2387 νῦν

192 2435 322 2488 κεῖνται
331 2418 511 2506 Ἀθήνησιν
526 2421 563 2487 ἐν
577 2423 771 2512 Κεραμεικῷ
786 2425 825 2488 αί
840 2420 982 2514 εἰκόνες,
999 2409 1022 2507 ᾖ
1037 2417 1155 2506 άνιμεν

193 2524 229 2600 ἐς
253 2519 370 2607 πόλιν,
400 2519 603 2608 καταντικρύ
633 2520 776 2608 μάλιστα
798 2525 859 2590 τοῦ
884 2520 1059 2611 Μητρῴου
1071 2574 1081 2608 ,
1111 2518 1153 2589 ού

142 2636 145 2641 “
194 2620 327 2708 μακράν
337 2623 408 2698 ,τῶν
419 2618 629 2708 Εὐδανέμων
643 2624 704 2690 τοῦ
719 2623 854 2709 βωμοῦ·
873 2619 964 2700 ὅστις
977 2620 1154 2708 δέμεμύη-

193 2748 248 2790 ται
269 2737 346 2790 ταῖν
368 2732 469 2790 θεαῖν
496 2724 534 2790 ἐν
556 2721 739 2809 Ἐλευσῖνι,
770 2720 840 2792 οἶδε
862 2719 923 2790 τδν
948 2721 1153 2808 Εὐδανέμου
1167 2746 1195 2788 ω

193 2822 310 2911 βωμὸν
331 2823 387 2891 ἐπὶ
404 2827 466 2892 τοῦ
486 2825 638 2892 δαπέδου
657 2821 749 2892 ὄντα.
956 2901 959 2907 ,

157 2936 178 2984 θ
267 2923 436 2994 Ἐνταῦθα
462 2924 575 3004 θύσας
597 2927 644 3014 τῷ
669 2931 800 3014 πατρίῳ
823 2922 919 3015 νόμῳ
939 2921 1156 3010 Ἀλέξανδρος

196 3024 432 3110 καὶλοιμπάδα
451 3024 590 3108 ποιήσας
607 3027 665 3091 καὶ
683 3023 800 3109 ἀγῶνα
818 3024 1000 3113 γυμνικόν,
1018 3031 1156 3092 καταλι·

195 3122 271 3194 πιδν
295 3125 470 3212 σατράπην
487 3123 549 3210 μὲν
572 3126 631 3208 τῆς
650 3127 842 3212 Σουσιανῆς
863 3123 1075 3212 Ἀβουλίτην,
1093 3122 1156 3192 άν-
1305 3201 1306 3204 ¹

195 3230 260 3312 δρα
280 3223 435 3312 Πέρσην,
458 3223 678 3314 φρούραρχον
695 3224 733 3294 δέ
753 3229 789 3294 έν
806 3229 847 3313 τή
867 3223 954 3316 άκρηι
972 3229 1041 3294 τάν
1061 3225 1197 3298 Σού-,οο

195 3344 265 3394 σων
279 3324 441 3412 Μάζαρον
458 3327 527 3392 τῶν
542 3327 685 3412 ἑταίρων
698 3327 755 3394 καὶ
774 3326 961 3412 στρατηγὸν
977 3324 1158 3414 Ἀρχέλαον

193 3424 255 3494 τὸν
274 3424 474 3514 Θεοδώρου,
492 3424 683 3515 προύχύρει
700 3425 746 3506 ύς
766 3427 820 3494 ἐπὶ
836 3426 986 3516 Πέρσλς·
1016 3427 1070 3494 ἐπὶ
1089 3425 1158 3495 θά-
