2620 3924
199 152 242 218 92
555 150 808 210 εεεωεαεεοτ

198 298 266 364 τῶν
286 300 455 382 πολεμίων
469 294 661 373 κατιδόντες
674 294 732 362 καὶ
746 291 969 381 Ἀλέξανδρον
982 291 1089 362 αὐτὸν
1105 295 1161 364 ἐπὶ

196 401 266 464 τῶν
289 401 395 483 νεῶν,
417 399 482 484 βοῆ
508 391 550 464 τε
568 395 768 522 ἐπανάγειν
775 395 1008 464 ἐνεκελεύοντο
1032 410 1104 474 τοῖς
1124 399 1161 463 ἐκ

197 502 267 566 τῶν
285 498 457 586 σφετέρων
475 499 574 564 νεῶν·
582 497 639 564 καὶ
663 494 708 574 τός
726 493 790 563 οάκ
809 486 1048 575 ἐξακουστὸν
1029 523 1072 582 ην
1088 495 1159 564 όπό

196 597 352 726 θορύβου
372 599 606 685 ξυνεχομένων
626 600 729 686 ἐντῷ
749 602 856 686 έργφ,
881 605 1027 685 σημείοις
1046 593 1160 676 ἀλλοις

197 701 255 768 καὶ
273 696 386 777 ἀλλοις
405 699 592 769 ἐπεκάλουν
612 697 698 778 ές
662 724 723 784 την
738 695 959 786 ἀναχώρησιν.
988 703 1025 766 oc
1010 696 1113 766 δ’δὲ
1096 700 1163 778 οψέ
1186 725 1200 767 ε
1282 734 1284 796 η

198 825 278 868 ποτε
293 799 537 887 αἰσθόμενοι
501 825 563 867 τον
578 802 802 869 ἐπίπλουν
757 824 826 866 των
840 797 913 886 ἀμφ
916 797 1160 888 ’Ἀλέξανδρον
1284 844 1285 924 η

161 915 179 963 ὁ
198 900 473 988 δποστρέψαντες
491 927 507 968 ε
509 907 540 980 ἐς
558 900 620 969 τόν
637 899 755 987 λιμένα
782 905 938 987 ἔφευγον.
971 901 1029 968 καὶ
1048 899 1161 987 ὀλίγαι
1285 954 1286 1016 η

197 1001 260 1088 μὲν
284 1006 353 1069 των
375 1006 465 1070 νεῶν
488 1001 683 1088 φθάνουσιν
706 999 988 1088 ὑπεκφυγοῦσαι,
1019 1016 1094 1082 ταῖς
1121 1001 1161 1070 δὲ

197 1110 349 1172 πλείοσιν
364 1105 570 1191 ἐμβαλοῦσαι
583 1107 622 1171 ιιί
633 1103 698 1182 ξάν
709 1101 919 1193 Ἀλεξάνδρῳ
933 1103 995 1182 τάς
1012 1100 1076 1190 μὲν
1093 1101 1160 1171 αό-

196 1208 266 1270 τῶν
279 1201 410 1283 ἀπλους
429 1207 611 1291 ἐποίησαν,
630 1202 794 1290 πεντήρης
813 1205 854 1271 δέ
866 1229 915 1282 τις
928 1205 986 1272 καὶ
999 1203 1159 1293 τετρήρης
1175 1231 1201 1271 ιο

196 1303 312 1373 αὐτῶν
328 1303 383 1374 ἐπ’
404 1303 498 1395 αὐτῷ
512 1308 559 1395 τῷ
573 1304 712 1392 στόματι
724 1307 785 1372 τοῦ
802 1303 934 1392 λιμένος
950 1304 1157 1393 ἐλήφθησαν.

197 1406 303 1492 φόνος
322 1405 361 1473 δέ
382 1409 452 1474 τῶν
472 1409 638 1493 ἐπιβατῶν
664 1404 705 1474 οὐ
725 1405 833 1484 πολάς
854 1407 993 1491 ἐγένετο.
1029 1404 1074 1484 οἱς
1092 1406 1159 1494 γάρ

196 1505 347 1594 ᾔσθοντο
366 1508 525 1593 ἐχομένας
538 1507 599 1586 τάς
616 1512 703 1586 ναῦς
721 1505 931 1593 ἀπενήξαντο
944 1505 986 1576 οό
1006 1511 1159 1592 χαλεπῶς

198 1610 231 1686 ἐς
248 1607 308 1674 τόν
327 1609 453 1694 λιμένα.

161 1721 178 1770 6
269 1705 325 1786 Ὡς
351 1707 389 1776 δέ
410 1708 557 1795 οὐδεμία
583 1714 725 1789 έτιςτοϊς
756 1715 891 1794 Τυρίοις
916 1711 953 1777 ἐκ
976 1709 1045 1776 τάν
1069 1712 1158 1776 νεοῖν
1173 1737 1199 1778 ιε

91 1827 102 1842 “
196 1807 339 1896 ἀφέλεια
356 1800 411 1895 ῆν,
432 1812 557 1896 ἐπῆγον
580 1805 645 1898 ῆδη
664 1813 700 1878 οί
715 1809 912 1888 Μακεδόνες
929 1809 990 1888 τὰς
1007 1809 1159 1896 μηχανάς

195 1914 243 2001 τῷ
258 1911 359 1998 τείχει
372 1909 476 2001 αὐτῷ.
504 1911 588 1979 κατὰ
607 1910 726 1998 μὲνδὴ
741 1909 778 1977 τό
798 1915 894 1997 χῶμα
909 1910 1160 1998 προσαγόμεναι

175 2013 251 2106 ,διὰ
273 2012 373 2098 ίσχάν
391 2015 453 2080 τοῦ
472 2019 605 2097 τείχους
624 2011 728 2080 οὐδέν
751 2008 858 2098 ῆννον
877 2010 904 2078 ό
922 2038 953 2078 τι
970 2013 1027 2080 καλ
1052 2011 1158 2098 λόγου
1257 2091 1263 2100 ,

194 2111 302 2192 ἀξιον·
329 2117 366 2180 οἱ
381 2111 419 2180 δὲ
436 2112 521 2180 κατά
539 2113 578 2180 τό
598 2113 684 2200 πρός
699 2116 839 2180 Σιδῶνα
857 2113 1085 2201 τετραμμένον
1100 2118 1159 2199 τῆς

194 2213 324 2291 πόλεως
337 2216 406 2280 τῶν
424 2217 512 2281 νεῶν
525 2239 617 2291 τινας
630 2217 700 2280 τῶν
712 2213 963 2301 μηχανοφόρων
978 2219 1156 2303 προςῆγον.
1171 2243 1199 2284 εο

159 2327 176 2378 ⁷
195 2313 241 2393 άς
259 2313 298 2381 δὲ
316 2311 398 2382 οὐδὲ
416 2313 524 2402 ταότη
542 2311 661 2400 ῆνυεν,
681 2316 714 2393 ἐς
731 2314 770 2381 τὸ
788 2314 873 2402 πρὸς
892 2314 995 2382 νότον
1013 2306 1158 2384 αάάνε-

193 2441 258 2502 μον
275 2414 332 2482 καὶ
351 2413 435 2502 πρὸς
449 2423 629 2500 Αίγυπτον
642 2413 765 2501 ἀνέχον
781 2430 893 2501 τεῖχος
907 2416 1033 2504 μετῄει,
1047 2415 1158 2504 πάντη

193 2514 466 2604 ἀποπειρώμενος
495 2519 556 2584 τοῦ
590 2521 702 2604 ἔργον.
748 2516 805 2584 καὶ
837 2519 989 2586 ἐνταῦθα
1020 2521 1158 2605 πρῶτον

193 2623 391 2704 κατεσείσθη
409 2642 446 2686 τε
468 2617 507 2685 τό
535 2617 720 2702 τείχοςέπὶ
738 2617 825 2703 μέγα
842 2625 903 2685 καί
917 2644 949 2685 τι
973 2619 1030 2686 καὶ
1055 2643 1158 2705 κατη-

194 2724 320 2804 ρείφθη
338 2715 445 2787 αὐτοῦ
471 2717 699 2810 παραρραγέν.
736 2718 811 2786 τότε
827 2717 891 2806 μέν
915 2720 958 2805 δῆ
977 2715 1059 2788 ὅσον
1085 2721 1158 2787 ἐπι·
1172 2744 1198 2786 εε

192 2818 308 2906 βαλάν
326 2810 516 2908 γεφάραςῆ
534 2818 690 2908 ἐρήριπτο
703 2824 764 2888 τοῦ
782 2825 929 2907 τείχους,
948 2817 1158 2908 ἀπεπειράθη

195 2923 228 2999 ἐς
246 2919 364 3006 ὀλίγον
381 2917 440 3008 τῆς
454 2924 662 3009 προσβολῆς
681 2921 738 2988 καὶ
756 2924 793 2988 οί
810 2921 926 3010 Τύριοι
944 2920 985 2990 οά
1004 2925 1159 3009 χαλεπάς

193 3019 449 3108 ἀπεκρούσαντο
467 3021 528 3090 τοό
534 3048 551 3100 ς
569 3020 783 3100 Μακεδόνας.

141 3127 184 3194 23
275 3129 380 3210 Τρίτη
395 3121 433 3190 δέ
447 3119 514 3190 ἀπὸ
528 3121 654 3209 ταύτης
666 3119 774 3212 ῆμέρηι
788 3130 932 3210 νηεμίαν
951 3151 987 3192 τε
1005 3123 1159 3212 φυλάξας

192 3223 250 3290 καί
268 3224 503 3310 παρακαλέσας
526 3223 607 3301 τούς
631 3219 800 3310 ἡγεμόνας
823 3229 892 3292 τῶν
917 3224 1043 3305 τάξεων
1069 3228 1102 3306 ἐς
1120 3226 1159 3293 εδ
1175 3251 1200 3293 ιο

193 3328 294 3410 ἔργον
320 3325 422 3409 ἐπῆγε
444 3327 486 3410 τῆ
512 3323 610 3392 πόλει
636 3324 780 3392 ἐπὶτῶν
802 3329 890 3394 νεῶν
914 3326 974 3404 τάς
998 3326 1158 3413 μηχανάς.

140 3469 148 3486 .
191 3425 250 3492 καὶ
281 3427 398 3514 πρῶτα
427 3423 491 3514 μὲν
521 3425 692 3494 κατέσεισε
721 3429 783 3493 τοῦ
817 3432 949 3511 τείχους
977 3429 1032 3496 ἐπὶ
1063 3429 1160 3514 μέγα.
