<?xml version="1.0" encoding="UTF-8"?>
<!DOCTYPE html PUBLIC "-//W3C//DTD XHTML 1.0 Transitional//EN"
    "http://www.w3.org/TR/xhtml1/DTD/xhtml1-transitional.dtd">
<html xmlns="http://www.w3.org/1999/xhtml" xml:lang="en" lang="en">
 <head>
  <title>
</title>
<meta http-equiv="Content-Type" content="text/html;charset=utf-8" />
  <meta name='ocr-system' content='tesseract 3.04.00' />
  <meta name='ocr-capabilities' content='ocr_page ocr_carea ocr_par ocr_line ocrx_word'/>
</head>
<body>
  <div class='ocr_page' id='page_1' title='image "./arrianianabasis01arrigoog_0223.png"; bbox 0 0 2632 3922; ppageno 0'>
   <div class='ocr_carea' id='block_1_1' title="bbox 221 102 831 171">
    <p class='ocr_par' dir='ltr' id='par_1_1' title="bbox 221 102 831 171">
     <span class='ocr_line' id='line_1_1' title="bbox 221 102 831 171; baseline 0.002 -14"><span class='ocrx_word' id='word_1_1' title='bbox 221 104 286 171; x_wconf 78' lang='grc'><strong><em>206</em></strong></span> <span class='ocrx_word' id='word_1_2' title='bbox 578 102 831 164; x_wconf 65' lang='lat' dir='ltr'><strong>mmmm*</strong></span> 
     </span>
    </p>
   </div>
   <div class='ocr_carea' id='block_1_2' title="bbox 145 261 1283 3474">
    <p class='ocr_par' dir='ltr' id='par_1_2' title="bbox 145 261 1283 3474">
     <span class='ocr_line' id='line_1_2' title="bbox 221 261 1187 353; baseline -0.002 -19"><span class='ocrx_word' id='word_1_3' title='bbox 221 261 325 344; x_wconf 84' lang='grc' dir='ltr'><strong><em>δσους</em></strong></span> <span class='ocrx_word' id='word_1_4' title='bbox 350 291 390 351; x_wconf 88' lang='grc' dir='ltr'><strong><em>γε</em></strong></span> <span class='ocrx_word' id='word_1_5' title='bbox 415 263 458 353; x_wconf 85' lang='grc' dir='ltr'><strong><em>δή</em></strong></span> <span class='ocrx_word' id='word_1_6' title='bbox 482 264 700 353; x_wconf 71' lang='grc' dir='ltr'><strong><em>Ἀλέξανδρος</em></strong></span> <span class='ocrx_word' id='word_1_7' title='bbox 726 263 791 346; x_wconf 85' lang='grc' dir='ltr'><strong><em>ξύν</em></strong></span> <span class='ocrx_word' id='word_1_8' title='bbox 815 265 858 352; x_wconf 78' lang='grc' dir='ltr'><strong><em>τῇ</em></strong></span> <span class='ocrx_word' id='word_1_9' title='bbox 884 266 1018 352; x_wconf 78' lang='grc' dir='ltr'><strong><em>στρατιή</em></strong></span> <span class='ocrx_word' id='word_1_10' title='bbox 1044 263 1187 350; x_wconf 75' lang='grc' dir='ltr'><strong><em>ἐπῆλθε,</em></strong></span> 
     </span>
     <span class='ocr_line' id='line_1_3' title="bbox 222 361 1185 453; baseline -0.002 -19"><span class='ocrx_word' id='word_1_11' title='bbox 222 363 372 446; x_wconf 90' lang='grc' dir='ltr'><strong><em>πολλούς</em></strong></span> <span class='ocrx_word' id='word_1_12' title='bbox 404 365 444 434; x_wconf 70' lang='grc' dir='ltr'><strong><em>δέ</em></strong></span> <span class='ocrx_word' id='word_1_13' title='bbox 477 368 623 453; x_wconf 86' lang='grc' dir='ltr'><strong><em>έπήλθε,</em></strong></span> <span class='ocrx_word' id='word_1_14' title='bbox 655 365 713 434; x_wconf 77' lang='grc' dir='ltr'><strong><em>καλ</em></strong></span> <span class='ocrx_word' id='word_1_15' title='bbox 745 361 861 451; x_wconf 80' lang='grc' dir='ltr'><strong><em>ἥκιστα</em></strong></span> <span class='ocrx_word' id='word_1_16' title='bbox 891 368 1072 450; x_wconf 74' lang='grc' dir='ltr'><strong><em>χλιδῶντας</em></strong></span> <span class='ocrx_word' id='word_1_17' title='bbox 1098 363 1185 432; x_wconf 88' lang='grc' dir='ltr'><strong><em>κατά</em></strong></span> 
     </span>
     <span class='ocr_line' id='line_1_4' title="bbox 222 463 1283 555; baseline -0.006 -19"><span class='ocrx_word' id='word_1_18' title='bbox 222 465 285 555; x_wconf 83' lang='grc' dir='ltr'><strong><em>τήν</em></strong></span> <span class='ocrx_word' id='word_1_19' title='bbox 310 471 457 536; x_wconf 87' lang='grc' dir='ltr'><strong><em>δίαιταν·</em></strong></span> <span class='ocrx_word' id='word_1_20' title='bbox 508 465 595 536; x_wconf 86' lang='grc' dir='ltr'><strong><em>ἀλλά</em></strong></span> <span class='ocrx_word' id='word_1_21' title='bbox 621 465 790 555; x_wconf 75' lang='grc' dir='ltr'><strong><em>μεγάλους</em></strong></span> <span class='ocrx_word' id='word_1_22' title='bbox 822 463 863 534; x_wconf 80' lang='grc' dir='ltr'><strong><em>τά</em></strong></span> <span class='ocrx_word' id='word_1_23' title='bbox 899 464 1051 552; x_wconf 83' lang='grc' dir='ltr'><strong><em>σάματα,</em></strong></span> <span class='ocrx_word' id='word_1_24' title='bbox 1086 469 1184 543; x_wconf 82' lang='grc' dir='ltr'><strong><em>ν’ίους</em></strong></span> <span class='ocrx_word' id='word_1_25' title='bbox 1282 509 1283 530; x_wconf 49' lang='grc' dir='ltr'><strong><em>ι</em></strong></span> 
     </span>
     <span class='ocr_line' id='line_1_5' title="bbox 222 563 1186 662; baseline -0.004 -26"><span class='ocrx_word' id='word_1_26' title='bbox 222 575 405 656; x_wconf 78' lang='grc' dir='ltr'><strong><em>μεγίστους</em></strong></span> <span class='ocrx_word' id='word_1_27' title='bbox 429 572 499 638; x_wconf 77' lang='grc' dir='ltr'><strong><em>τῶν</em></strong></span> <span class='ocrx_word' id='word_1_28' title='bbox 525 567 609 637; x_wconf 82' lang='grc' dir='ltr'><strong><em>κατά</em></strong></span> <span class='ocrx_word' id='word_1_29' title='bbox 635 564 699 662; x_wconf 80' lang='grc' dir='ltr'><strong><em>τήν</em></strong></span> <span class='ocrx_word' id='word_1_30' title='bbox 712 563 838 656; x_wconf 75' lang='grc' dir='ltr'><strong><em>Ἀσίαν,</em></strong></span> <span class='ocrx_word' id='word_1_31' title='bbox 865 565 1080 652; x_wconf 71' lang='grc' dir='ltr'><strong><em>πενταπήχεις</em></strong></span> <span class='ocrx_word' id='word_1_32' title='bbox 1104 564 1186 643; x_wconf 81' lang='grc' dir='ltr'><strong><em>τοὺς</em></strong></span> 
     </span>
     <span class='ocr_line' id='line_1_6' title="bbox 224 664 1226 756; baseline -0.011 -18"><span class='ocrx_word' id='word_1_33' title='bbox 224 669 372 748; x_wconf 77' lang='grc' dir='ltr'><strong><em>πολλούς</em></strong></span> <span class='ocrx_word' id='word_1_34' title='bbox 404 664 427 756; x_wconf 78' lang='grc' dir='ltr'><em>ἢ</em></span> <span class='ocrx_word' id='word_1_35' title='bbox 453 664 573 755; x_wconf 78' lang='grc' dir='ltr'><strong><em>ὀλίγον</em></strong></span> <span class='ocrx_word' id='word_1_36' title='bbox 604 666 827 748; x_wconf 78' lang='grc' dir='ltr'><strong><em>ἀποδέοντας·</em></strong></span> <span class='ocrx_word' id='word_1_37' title='bbox 879 667 937 736; x_wconf 79' lang='grc' dir='ltr'><strong><em>καὶ</em></strong></span> <span class='ocrx_word' id='word_1_38' title='bbox 961 667 1186 756; x_wconf 74' lang='grc' dir='ltr'><strong><em>μελαντέρους</em></strong></span> <span class='ocrx_word' id='word_1_39' title='bbox 1212 687 1226 727; x_wconf 77' lang='grc' dir='ltr'><strong><em>ε</em></strong></span> 
     </span>
     <span class='ocr_line' id='line_1_7' title="bbox 223 764 1187 859; baseline -0.004 -21"><span class='ocrx_word' id='word_1_40' title='bbox 223 772 293 838; x_wconf 79' lang='grc' dir='ltr'><strong><em>τῶν</em></strong></span> <span class='ocrx_word' id='word_1_41' title='bbox 324 768 437 838; x_wconf 83' lang='grc' dir='ltr'><strong><em>ἀλλων</em></strong></span> <span class='ocrx_word' id='word_1_42' title='bbox 468 767 678 859; x_wconf 68' lang='grc' dir='ltr'><strong><em>ἀνθρώπων,</em></strong></span> <span class='ocrx_word' id='word_1_43' title='bbox 713 767 803 856; x_wconf 75' lang='grc' dir='ltr'><strong><em>πλήν</em></strong></span> <span class='ocrx_word' id='word_1_44' title='bbox 829 767 1017 858; x_wconf 84' lang='grc' dir='ltr'><strong><em>Αίθιύπων,</em></strong></span> <span class='ocrx_word' id='word_1_45' title='bbox 1048 765 1105 836; x_wconf 82' lang='grc' dir='ltr'><strong><em>καλ</em></strong></span> <span class='ocrx_word' id='word_1_46' title='bbox 1144 764 1187 834; x_wconf 84' lang='grc' dir='ltr'><strong><em>τά</em></strong></span> 
     </span>
     <span class='ocr_line' id='line_1_8' title="bbox 223 866 1188 957; baseline -0.003 -19"><span class='ocrx_word' id='word_1_47' title='bbox 223 870 364 957; x_wconf 87' lang='grc' dir='ltr'><strong><em>πολέμια</em></strong></span> <span class='ocrx_word' id='word_1_48' title='bbox 395 869 485 939; x_wconf 86' lang='grc' dir='ltr'><strong><em>πολύ</em></strong></span> <span class='ocrx_word' id='word_1_49' title='bbox 516 897 548 938; x_wconf 91' lang='grc' dir='ltr'><strong><em>τι</em></strong></span> <span class='ocrx_word' id='word_1_50' title='bbox 579 871 839 957; x_wconf 75' lang='grc' dir='ltr'><strong><em>γενναιοτάτους</em></strong></span> <span class='ocrx_word' id='word_1_51' title='bbox 870 872 936 938; x_wconf 76' lang='grc' dir='ltr'><strong><em>τάν</em></strong></span> <span class='ocrx_word' id='word_1_52' title='bbox 967 895 1005 955; x_wconf 88' lang='grc' dir='ltr'><strong><em>γε</em></strong></span> <span class='ocrx_word' id='word_1_53' title='bbox 1035 868 1077 956; x_wconf 83' lang='grc' dir='ltr'><strong><em>δή</em></strong></span> <span class='ocrx_word' id='word_1_54' title='bbox 1109 866 1188 936; x_wconf 88' lang='grc' dir='ltr'><strong><em>τότε</em></strong></span> 
     </span>
     <span class='ocr_line' id='line_1_9' title="bbox 188 967 1185 1060; baseline -0.004 -20"><span class='ocrx_word' id='word_1_55' title='bbox 188 973 371 1040; x_wconf 72' lang='grc' dir='ltr'><strong><em>ὓέποίκων</em></strong></span> <span class='ocrx_word' id='word_1_56' title='bbox 396 973 456 1058; x_wconf 80' lang='grc' dir='ltr'><strong><em>τῆς</em></strong></span> <span class='ocrx_word' id='word_1_57' title='bbox 478 969 601 1050; x_wconf 74' lang='grc' dir='ltr'><strong><em>Ἀσίας.</em></strong></span> <span class='ocrx_word' id='word_1_58' title='bbox 646 972 686 1041; x_wconf 87' lang='grc' dir='ltr'><strong><em>τδ</em></strong></span> <span class='ocrx_word' id='word_1_59' title='bbox 714 970 781 1060; x_wconf 82' lang='grc' dir='ltr'><strong><em>γάρ</em></strong></span> <span class='ocrx_word' id='word_1_60' title='bbox 808 973 952 1057; x_wconf 76' lang='grc' dir='ltr'><strong><em>Περσῶν</em></strong></span> <span class='ocrx_word' id='word_1_61' title='bbox 976 973 1043 1038; x_wconf 77' lang='grc' dir='ltr'><strong><em>τάν</em></strong></span> <span class='ocrx_word' id='word_1_62' title='bbox 1068 967 1185 1058; x_wconf 90' lang='grc' dir='ltr'><strong><em>πάλαι,</em></strong></span> 
     </span>
     <span class='ocr_line' id='line_1_10' title="bbox 223 1066 1188 1162; baseline -0.004 -22"><span class='ocrx_word' id='word_1_63' title='bbox 223 1071 288 1152; x_wconf 86' lang='grc' dir='ltr'><strong><em>ξύν</em></strong></span> <span class='ocrx_word' id='word_1_64' title='bbox 313 1066 366 1150; x_wconf 81' lang='grc' dir='ltr'><strong><em>οἷς</em></strong></span> <span class='ocrx_word' id='word_1_65' title='bbox 391 1069 553 1160; x_wconf 79' lang='grc' dir='ltr'><strong><em>ὁρμηθεὶς</em></strong></span> <span class='ocrx_word' id='word_1_66' title='bbox 579 1075 696 1162; x_wconf 85' lang='grc' dir='ltr'><strong><em>Κύρος</em></strong></span> <span class='ocrx_word' id='word_1_67' title='bbox 722 1070 741 1140; x_wconf 87' lang='grc' dir='ltr'>ὁ</span> <span class='ocrx_word' id='word_1_68' title='bbox 768 1069 954 1160; x_wconf 82' lang='grc' dir='ltr'><strong><em>Καμβύσου</em></strong></span> <span class='ocrx_word' id='word_1_69' title='bbox 979 1071 1123 1158; x_wconf 80' lang='grc' dir='ltr'><strong><em>Μήδους</em></strong></span> <span class='ocrx_word' id='word_1_70' title='bbox 1151 1095 1188 1137; x_wconf 88' lang='grc' dir='ltr'><strong><em>τε</em></strong></span> 
     </span>
     <span class='ocr_line' id='line_1_11' title="bbox 222 1168 1232 1262; baseline -0.003 -22"><span class='ocrx_word' id='word_1_71' title='bbox 222 1169 286 1259; x_wconf 87' lang='grc' dir='ltr'><strong><em>τήν</em></strong></span> <span class='ocrx_word' id='word_1_72' title='bbox 312 1170 423 1261; x_wconf 81' lang='grc' dir='ltr'><strong><em>ἀρχὴν</em></strong></span> <span class='ocrx_word' id='word_1_73' title='bbox 448 1178 509 1260; x_wconf 87' lang='grc' dir='ltr'><strong><em>τής</em></strong></span> <span class='ocrx_word' id='word_1_74' title='bbox 524 1172 636 1254; x_wconf 83' lang='grc' dir='ltr'><strong><em>Ἀσίας</em></strong></span> <span class='ocrx_word' id='word_1_75' title='bbox 661 1171 821 1262; x_wconf 86' lang='grc' dir='ltr'><strong><em>ἀφείλετο</em></strong></span> <span class='ocrx_word' id='word_1_76' title='bbox 847 1173 904 1240; x_wconf 87' lang='grc' dir='ltr'><strong><em>καλ</em></strong></span> <span class='ocrx_word' id='word_1_77' title='bbox 930 1169 1014 1240; x_wconf 82' lang='grc' dir='ltr'><strong><em>ἀλλα</em></strong></span> <span class='ocrx_word' id='word_1_78' title='bbox 1041 1176 1124 1256; x_wconf 80' lang='grc' dir='ltr'><strong><em>ἔθνη</em></strong></span> <span class='ocrx_word' id='word_1_79' title='bbox 1143 1168 1187 1238; x_wconf 85' lang='grc' dir='ltr'><strong><em>τά</em></strong></span> <span class='ocrx_word' id='word_1_80' title='bbox 1202 1192 1232 1231; x_wconf 85' lang='grc' dir='ltr'><strong><em>ιο</em></strong></span> 
     </span>
     <span class='ocr_line' id='line_1_12' title="bbox 222 1269 1189 1364; baseline -0.003 -23"><span class='ocrx_word' id='word_1_81' title='bbox 222 1272 287 1361; x_wconf 70' lang='grc' dir='ltr'><strong><em>μὲν</em></strong></span> <span class='ocrx_word' id='word_1_82' title='bbox 310 1275 565 1364; x_wconf 76' lang='grc' dir='ltr'><strong><em>κατεστρέψατο,</em></strong></span> <span class='ocrx_word' id='word_1_83' title='bbox 592 1273 633 1342; x_wconf 89' lang='grc' dir='ltr'><strong><em>τά</em></strong></span> <span class='ocrx_word' id='word_1_84' title='bbox 654 1275 693 1344; x_wconf 71' lang='grc' dir='ltr'><strong><em>δὲ</em></strong></span> <span class='ocrx_word' id='word_1_85' title='bbox 710 1271 996 1364; x_wconf 86' lang='grc' dir='ltr'><strong><em>προσχωρήσαντά</em></strong></span> <span class='ocrx_word' id='word_1_86' title='bbox 1013 1275 1050 1340; x_wconf 89' lang='grc' dir='ltr'><strong><em>οί</em></strong></span> <span class='ocrx_word' id='word_1_87' title='bbox 1065 1269 1189 1340; x_wconf 86' lang='grc' dir='ltr'><strong><em>ἑκόντα</em></strong></span> 
     </span>
     <span class='ocr_line' id='line_1_13' title="bbox 222 1369 1190 1464; baseline -0.003 -22"><span class='ocrx_word' id='word_1_88' title='bbox 222 1375 395 1461; x_wconf 82' lang='grc' dir='ltr'><strong><em>κατέσχεν,</em></strong></span> <span class='ocrx_word' id='word_1_89' title='bbox 414 1374 476 1444; x_wconf 92' lang='grc' dir='ltr'><strong><em>ούκ</em></strong></span> <span class='ocrx_word' id='word_1_90' title='bbox 495 1381 559 1460; x_wconf 82' lang='grc' dir='ltr'><strong><em>ἔχω</em></strong></span> <span class='ocrx_word' id='word_1_91' title='bbox 577 1369 723 1464; x_wconf 79' lang='grc' dir='ltr'><strong><em>ἀτρεκῶς</em></strong></span> <span class='ocrx_word' id='word_1_92' title='bbox 741 1373 787 1455; x_wconf 80' lang='grc' dir='ltr'><strong><em>ἀς</em></strong></span> <span class='ocrx_word' id='word_1_93' title='bbox 804 1403 842 1462; x_wconf 90' lang='grc' dir='ltr'><strong><em>γε</em></strong></span> <span class='ocrx_word' id='word_1_94' title='bbox 855 1371 898 1461; x_wconf 88' lang='grc' dir='ltr'><strong><em>δή</em></strong></span> <span class='ocrx_word' id='word_1_95' title='bbox 915 1370 999 1463; x_wconf 88' lang='grc' dir='ltr'><strong><em>πρδς</em></strong></span> <span class='ocrx_word' id='word_1_96' title='bbox 1012 1370 1052 1442; x_wconf 85' lang='grc' dir='ltr'><strong><em>τά</em></strong></span> <span class='ocrx_word' id='word_1_97' title='bbox 1067 1371 1190 1440; x_wconf 80' lang='grc' dir='ltr'><strong><em>Ἰνδῶν</em></strong></span> 
     </span>
     <span class='ocr_line' id='line_1_14' title="bbox 223 1474 1190 1564; baseline 0 -23"><span class='ocrx_word' id='word_1_98' title='bbox 223 1476 420 1561; x_wconf 82' lang='grc' dir='ltr'><strong><em>ξυμβαλεῖν.</em></strong></span> <span class='ocrx_word' id='word_1_99' title='bbox 473 1477 530 1542; x_wconf 84' lang='grc' dir='ltr'><strong><em>καλ</em></strong></span> <span class='ocrx_word' id='word_1_100' title='bbox 556 1475 623 1563; x_wconf 82' lang='grc' dir='ltr'><strong><em>γάρ</em></strong></span> <span class='ocrx_word' id='word_1_101' title='bbox 648 1478 707 1544; x_wconf 84' lang='grc' dir='ltr'><strong><em>καλ</em></strong></span> <span class='ocrx_word' id='word_1_102' title='bbox 734 1477 864 1564; x_wconf 81' lang='grc' dir='ltr'><strong><em>Πέρσαι</em></strong></span> <span class='ocrx_word' id='word_1_103' title='bbox 887 1474 961 1544; x_wconf 85' lang='grc' dir='ltr'><strong><em>τότε</em></strong></span> <span class='ocrx_word' id='word_1_104' title='bbox 987 1475 1124 1560; x_wconf 86' lang='grc' dir='ltr'><strong><em>πένητές</em></strong></span> <span class='ocrx_word' id='word_1_105' title='bbox 1151 1499 1190 1541; x_wconf 89' lang='grc' dir='ltr'><strong><em>τε</em></strong></span> 
     </span>
     <span class='ocr_line' id='line_1_15' title="bbox 222 1565 1189 1665; baseline 0 -23"><span class='ocrx_word' id='word_1_106' title='bbox 222 1565 310 1660; x_wconf 80' lang='grc' dir='ltr'><strong><em>ἦσαν</em></strong></span> <span class='ocrx_word' id='word_1_107' title='bbox 342 1575 399 1642; x_wconf 77' lang='grc' dir='ltr'><strong><em>καί</em></strong></span> <span class='ocrx_word' id='word_1_108' title='bbox 426 1574 540 1661; x_wconf 73' lang='grc' dir='ltr'><strong><em>χώρας</em></strong></span> <span class='ocrx_word' id='word_1_109' title='bbox 565 1584 721 1661; x_wconf 81' lang='grc' dir='ltr'><strong><em>τραχείας</em></strong></span> <span class='ocrx_word' id='word_1_110' title='bbox 754 1576 939 1665; x_wconf 81' lang='grc' dir='ltr'><strong><em>οἰκήτορες,</em></strong></span> <span class='ocrx_word' id='word_1_111' title='bbox 971 1577 1029 1644; x_wconf 81' lang='grc' dir='ltr'><strong><em>καὶ</em></strong></span> <span class='ocrx_word' id='word_1_112' title='bbox 1059 1575 1189 1662; x_wconf 87' lang='grc' dir='ltr'><strong><em>νόμιμά</em></strong></span> 
     </span>
     <span class='ocr_line' id='line_1_16' title="bbox 223 1665 1235 1764; baseline 0.001 -22"><span class='ocrx_word' id='word_1_113' title='bbox 223 1692 338 1760; x_wconf 86' lang='grc' dir='ltr'><strong><em>σφισιν</em></strong></span> <span class='ocrx_word' id='word_1_114' title='bbox 347 1665 390 1759; x_wconf 85' lang='grc' dir='ltr'><strong><em>ήν</em></strong></span> <span class='ocrx_word' id='word_1_115' title='bbox 404 1669 459 1743; x_wconf 78' lang='grc' dir='ltr'><strong><em>οἷα</em></strong></span> <span class='ocrx_word' id='word_1_116' title='bbox 474 1675 649 1761; x_wconf 76' lang='grc' dir='ltr'><strong><em>ἐγγυτάτω</em></strong></span> <span class='ocrx_word' id='word_1_117' title='bbox 663 1673 802 1764; x_wconf 80' lang='grc' dir='ltr'><strong><em>εἶναιτῇ</em></strong></span> <span class='ocrx_word' id='word_1_118' title='bbox 810 1681 990 1764; x_wconf 79' lang='grc' dir='ltr'><strong><em>Λακωνικῇ</em></strong></span> <span class='ocrx_word' id='word_1_119' title='bbox 1004 1675 1188 1744; x_wconf 71' lang='grc' dir='ltr'><strong><em>παιδεύσει.</em></strong></span> <span class='ocrx_word' id='word_1_120' title='bbox 1203 1695 1235 1735; x_wconf 79' lang='lat'><strong><em>1⁵</em></strong></span> 
     </span>
     <span class='ocr_line' id='line_1_17' title="bbox 222 1773 1188 1866; baseline 0.002 -25"><span class='ocrx_word' id='word_1_121' title='bbox 222 1773 261 1841; x_wconf 85' lang='grc' dir='ltr'><strong><em>τὸ</em></strong></span> <span class='ocrx_word' id='word_1_122' title='bbox 281 1773 319 1842; x_wconf 73' lang='grc' dir='ltr'><strong><em>δὲ</em></strong></span> <span class='ocrx_word' id='word_1_123' title='bbox 334 1778 468 1862; x_wconf 78' lang='grc' dir='ltr'><strong><em>τραῦμα</em></strong></span> <span class='ocrx_word' id='word_1_124' title='bbox 485 1777 523 1844; x_wconf 86' lang='grc' dir='ltr'><strong><em>τδ</em></strong></span> <span class='ocrx_word' id='word_1_125' title='bbox 542 1776 726 1864; x_wconf 86' lang='grc' dir='ltr'><strong><em>γενόμενον</em></strong></span> <span class='ocrx_word' id='word_1_126' title='bbox 749 1780 896 1865; x_wconf 82' lang='grc' dir='ltr'><strong><em>Πέρσαις</em></strong></span> <span class='ocrx_word' id='word_1_127' title='bbox 914 1779 951 1846; x_wconf 81' lang='grc' dir='ltr'><strong><em>έν</em></strong></span> <span class='ocrx_word' id='word_1_128' title='bbox 968 1781 1009 1866; x_wconf 76' lang='grc' dir='ltr'><strong><em>τῇ</em></strong></span> <span class='ocrx_word' id='word_1_129' title='bbox 1028 1779 1188 1865; x_wconf 76' lang='grc' dir='ltr'><strong><em>Σκυθικῇ</em></strong></span> 
     </span>
     <span class='ocr_line' id='line_1_18' title="bbox 221 1869 1190 1967; baseline 0.002 -24"><span class='ocrx_word' id='word_1_130' title='bbox 221 1869 267 1962; x_wconf 79' lang='grc' dir='ltr'><strong><em>γῇ</em></strong></span> <span class='ocrx_word' id='word_1_131' title='bbox 282 1872 365 1944; x_wconf 76' lang='grc' dir='ltr'><strong><em>ούδδ</em></strong></span> <span class='ocrx_word' id='word_1_132' title='bbox 378 1881 480 1944; x_wconf 84' lang='grc' dir='ltr'><strong><em>τούτο</em></strong></span> <span class='ocrx_word' id='word_1_133' title='bbox 490 1881 555 1963; x_wconf 81' lang='grc' dir='ltr'><strong><em>ἔχω</em></strong></span> <span class='ocrx_word' id='word_1_134' title='bbox 566 1876 714 1967; x_wconf 76' lang='grc' dir='ltr'><strong><em>ἀτρεκῶς</em></strong></span> <span class='ocrx_word' id='word_1_135' title='bbox 728 1881 910 1966; x_wconf 78' lang='grc' dir='ltr'><strong><em>ξυμβαλεῖν</em></strong></span> <span class='ocrx_word' id='word_1_136' title='bbox 920 1876 1042 1966; x_wconf 86' lang='grc' dir='ltr'><strong><em>πότερα</em></strong></span> <span class='ocrx_word' id='word_1_137' title='bbox 1051 1882 1190 1963; x_wconf 90' lang='grc' dir='ltr'><strong><em>δυσχω-</em></strong></span> 
     </span>
     <span class='ocr_line' id='line_1_19' title="bbox 223 1971 1189 2066; baseline 0 -22"><span class='ocrx_word' id='word_1_138' title='bbox 223 1983 312 2063; x_wconf 88' lang='grc' dir='ltr'><strong><em>ρίαις</em></strong></span> <span class='ocrx_word' id='word_1_139' title='bbox 345 1977 596 2063; x_wconf 75' lang='grc' dir='ltr'><strong><em>ξυνενεχθεῖσιν</em></strong></span> <span class='ocrx_word' id='word_1_140' title='bbox 627 1975 649 2064; x_wconf 86' lang='grc' dir='ltr'><strong><em>ή</em></strong></span> <span class='ocrx_word' id='word_1_141' title='bbox 681 2004 746 2047; x_wconf 91' lang='grc' dir='ltr'><strong><em>τινι</em></strong></span> <span class='ocrx_word' id='word_1_142' title='bbox 777 1977 865 2066; x_wconf 87' lang='grc' dir='ltr'><strong><em>ἀλλη</em></strong></span> <span class='ocrx_word' id='word_1_143' title='bbox 893 1976 1012 2066; x_wconf 87' lang='grc' dir='ltr'><strong><em>Κύρου</em></strong></span> <span class='ocrx_word' id='word_1_144' title='bbox 1038 1971 1189 2066; x_wconf 79' lang='grc' dir='ltr'><strong><em>ἀμαρτίᾳ</em></strong></span> 
     </span>
     <span class='ocr_line' id='line_1_20' title="bbox 223 2071 1188 2168; baseline 0.004 -26"><span class='ocrx_word' id='word_1_145' title='bbox 223 2077 347 2162; x_wconf 81' lang='grc' dir='ltr'><strong><em>ξυνέβη</em></strong></span> <span class='ocrx_word' id='word_1_146' title='bbox 366 2071 387 2162; x_wconf 84' lang='grc' dir='ltr'><strong><em>ή</em></strong></span> <span class='ocrx_word' id='word_1_147' title='bbox 406 2080 560 2145; x_wconf 80' lang='grc' dir='ltr'><strong><em>Σκυθῶν</em></strong></span> <span class='ocrx_word' id='word_1_148' title='bbox 586 2103 625 2162; x_wconf 93' lang='grc' dir='ltr'><strong><em>γε</em></strong></span> <span class='ocrx_word' id='word_1_149' title='bbox 640 2081 712 2147; x_wconf 81' lang='grc' dir='ltr'><strong><em>τάν</em></strong></span> <span class='ocrx_word' id='word_1_150' title='bbox 736 2077 843 2168; x_wconf 84' lang='grc' dir='ltr'><strong><em>ταύτη</em></strong></span> <span class='ocrx_word' id='word_1_151' title='bbox 870 2086 1011 2158; x_wconf 81' lang='grc' dir='ltr'><strong><em>κακίους</em></strong></span> <span class='ocrx_word' id='word_1_152' title='bbox 1024 2077 1065 2146; x_wconf 81' lang='grc' dir='ltr'><strong><em>τά</em></strong></span> <span class='ocrx_word' id='word_1_153' title='bbox 1083 2079 1188 2146; x_wconf 83' lang='grc' dir='ltr'><strong><em>πολέ-</em></strong></span> 
     </span>
     <span class='ocr_line' id='line_1_21' title="bbox 221 2167 1232 2262; baseline 0.013 -21"><span class='ocrx_word' id='word_1_154' title='bbox 221 2202 279 2262; x_wconf 91' lang='grc' dir='ltr'><strong><em>μια</em></strong></span> <span class='ocrx_word' id='word_1_155' title='bbox 307 2175 436 2260; x_wconf 82' lang='grc' dir='ltr'><strong><em>Πέρσαι</em></strong></span> <span class='ocrx_word' id='word_1_156' title='bbox 461 2167 557 2260; x_wconf 82' lang='grc' dir='ltr'><strong><em>ἦσαν.</em></strong></span> <span class='ocrx_word' id='word_1_157' title='bbox 1202 2207 1232 2247; x_wconf 75' lang='lat'><strong><em>2⁰</em></strong></span> 
     </span>
     <span class='ocr_line' id='line_1_22' title="bbox 184 2273 1189 2370; baseline 0.01 -32"><span class='ocrx_word' id='word_1_158' title='bbox 184 2273 206 2338; x_wconf 83' lang='lat'><strong>5</strong></span> <span class='ocrx_word' id='word_1_159' title='bbox 294 2273 388 2344; x_wconf 83' lang='grc' dir='ltr'><strong><em>Ἀλλ’</em></strong></span> <span class='ocrx_word' id='word_1_160' title='bbox 428 2274 517 2362; x_wconf 75' lang='grc' dir='ltr'><strong><em>ὑπὲρ</em></strong></span> <span class='ocrx_word' id='word_1_161' title='bbox 546 2274 666 2346; x_wconf 77' lang='grc' dir='ltr'><strong><em>Ἰνδῶν</em></strong></span> <span class='ocrx_word' id='word_1_162' title='bbox 699 2283 772 2370; x_wconf 77' lang='grc' dir='ltr'><strong><em>ἰδίᾳ</em></strong></span> <span class='ocrx_word' id='word_1_163' title='bbox 803 2307 858 2366; x_wconf 90' lang='grc' dir='ltr'><strong><em>μοι</em></strong></span> <span class='ocrx_word' id='word_1_164' title='bbox 889 2279 1092 2368; x_wconf 76' lang='grc' dir='ltr'><strong><em>γεγράψεται</em></strong></span> <span class='ocrx_word' id='word_1_165' title='bbox 1123 2277 1189 2348; x_wconf 82' lang='grc' dir='ltr'><strong><em>ὅσα</em></strong></span> 
     </span>
     <span class='ocr_line' id='line_1_23' title="bbox 145 2375 1187 2473; baseline 0.002 -27"><span class='ocrx_word' id='word_1_166' title='bbox 145 2441 151 2446; x_wconf 79' lang='grc'>.</span> <span class='ocrx_word' id='word_1_167' title='bbox 222 2375 403 2444; x_wconf 76' lang='grc' dir='ltr'><strong><em>πιστότατα</em></strong></span> <span class='ocrx_word' id='word_1_168' title='bbox 430 2379 464 2455; x_wconf 79' lang='grc' dir='ltr'><strong><em>ἐς</em></strong></span> <span class='ocrx_word' id='word_1_169' title='bbox 490 2375 659 2464; x_wconf 88' lang='grc' dir='ltr'><strong><em>ἀφήγησιν</em></strong></span> <span class='ocrx_word' id='word_1_170' title='bbox 676 2383 763 2448; x_wconf 83' lang='grc' dir='ltr'><strong><em>οἵτε</em></strong></span> <span class='ocrx_word' id='word_1_171' title='bbox 781 2378 845 2460; x_wconf 86' lang='grc' dir='ltr'><strong><em>ξύν</em></strong></span> <span class='ocrx_word' id='word_1_172' title='bbox 856 2377 1066 2473; x_wconf 86' lang='grc' dir='ltr'><strong><em>Ἀλεξάνδρφ</em></strong></span> <span class='ocrx_word' id='word_1_173' title='bbox 1083 2401 1187 2470; x_wconf 90' lang='grc' dir='ltr'><strong><em>στρα-</em></strong></span> 
     </span>
     <span class='ocr_line' id='line_1_24' title="bbox 220 2475 1188 2569; baseline 0.006 -25"><span class='ocrx_word' id='word_1_174' title='bbox 220 2475 398 2554; x_wconf 84' lang='grc' dir='ltr'><strong><em>τεύσαντες</em></strong></span> <span class='ocrx_word' id='word_1_175' title='bbox 411 2476 468 2544; x_wconf 85' lang='grc' dir='ltr'><strong><em>καὶ</em></strong></span> <span class='ocrx_word' id='word_1_176' title='bbox 481 2475 500 2544; x_wconf 88' lang='grc' dir='ltr'>ὁ</span> <span class='ocrx_word' id='word_1_177' title='bbox 512 2478 773 2565; x_wconf 74' lang='grc' dir='ltr'><strong><em>ἐκπεριπλεύσας</em></strong></span> <span class='ocrx_word' id='word_1_178' title='bbox 785 2485 844 2568; x_wconf 79' lang='grc' dir='ltr'><strong><em>τῆς</em></strong></span> <span class='ocrx_word' id='word_1_179' title='bbox 857 2482 1004 2569; x_wconf 76' lang='grc' dir='ltr'><strong><em>μεγάλης</em></strong></span> <span class='ocrx_word' id='word_1_180' title='bbox 1012 2482 1188 2568; x_wconf 81' lang='grc' dir='ltr'><strong><em>θαλάσσης</em></strong></span> 
     </span>
     <span class='ocr_line' id='line_1_25' title="bbox 221 2574 1221 2670; baseline 0.009 -28"><span class='ocrx_word' id='word_1_181' title='bbox 221 2576 260 2642; x_wconf 90' lang='grc' dir='ltr'><strong><em>τδ</em></strong></span> <span class='ocrx_word' id='word_1_182' title='bbox 288 2575 360 2644; x_wconf 86' lang='grc' dir='ltr'><strong><em>κατ’</em></strong></span> <span class='ocrx_word' id='word_1_183' title='bbox 380 2574 511 2657; x_wconf 88' lang='grc' dir='ltr'><strong><em>Ἰνδούς</em></strong></span> <span class='ocrx_word' id='word_1_184' title='bbox 529 2580 694 2670; x_wconf 89' lang='grc' dir='ltr'><strong><em>Νέαρχος,</em></strong></span> <span class='ocrx_word' id='word_1_185' title='bbox 723 2580 779 2648; x_wconf 80' lang='grc' dir='ltr'><strong><em>ἐπὶ</em></strong></span> <span class='ocrx_word' id='word_1_186' title='bbox 805 2581 843 2649; x_wconf 76' lang='grc' dir='ltr'><strong><em>δὲ</em></strong></span> <span class='ocrx_word' id='word_1_187' title='bbox 871 2579 933 2650; x_wconf 84' lang='grc' dir='ltr'><strong><em>ὅσα</em></strong></span> <span class='ocrx_word' id='word_1_188' title='bbox 959 2583 1188 2669; x_wconf 79' lang='grc' dir='ltr'><strong><em>Μεγασθένης</em></strong></span> <span class='ocrx_word' id='word_1_189' title='bbox 1217 2627 1221 2634; x_wconf 92' lang='lat'><em>-</em></span> 
     </span>
     <span class='ocr_line' id='line_1_26' title="bbox 221 2676 1229 2771; baseline 0.005 -27"><span class='ocrx_word' id='word_1_190' title='bbox 221 2701 257 2744; x_wconf 88' lang='grc' dir='ltr'><strong><em>τε</em></strong></span> <span class='ocrx_word' id='word_1_191' title='bbox 274 2677 332 2744; x_wconf 84' lang='grc' dir='ltr'><strong><em>καὶ</em></strong></span> <span class='ocrx_word' id='word_1_192' title='bbox 345 2676 601 2768; x_wconf 70' lang='grc' dir='ltr'><strong><em>Ἐρατοσθένης,</em></strong></span> <span class='ocrx_word' id='word_1_193' title='bbox 627 2685 756 2768; x_wconf 85' lang='grc' dir='ltr'><strong><em>δοκίμω</em></strong></span> <span class='ocrx_word' id='word_1_194' title='bbox 774 2679 888 2771; x_wconf 83' lang='grc' dir='ltr'><strong><em>ἀνδρε,</em></strong></span> <span class='ocrx_word' id='word_1_195' title='bbox 915 2683 1187 2771; x_wconf 65' lang='grc' dir='ltr'><strong><em>ξυνεγραψάτην,</em></strong></span> <span class='ocrx_word' id='word_1_196' title='bbox 1200 2707 1229 2749; x_wconf 81' lang='grc' dir='ltr'><strong><em>ιε</em></strong></span> 
     </span>
     <span class='ocr_line' id='line_1_27' title="bbox 221 2777 1187 2875; baseline 0.009 -31"><span class='ocrx_word' id='word_1_197' title='bbox 221 2777 279 2844; x_wconf 80' lang='grc' dir='ltr'><strong><em>καὶ</em></strong></span> <span class='ocrx_word' id='word_1_198' title='bbox 304 2777 429 2866; x_wconf 88' lang='grc' dir='ltr'><strong><em>νόμιμα</em></strong></span> <span class='ocrx_word' id='word_1_199' title='bbox 461 2779 545 2849; x_wconf 87' lang='grc' dir='ltr'><strong><em>ἀττα</em></strong></span> <span class='ocrx_word' id='word_1_200' title='bbox 567 2780 688 2861; x_wconf 85' lang='grc' dir='ltr'><strong><em>Ἰνδοῖς</em></strong></span> <span class='ocrx_word' id='word_1_201' title='bbox 714 2785 783 2851; x_wconf 81' lang='grc' dir='ltr'><strong><em>ἐστι</em></strong></span> <span class='ocrx_word' id='word_1_202' title='bbox 808 2781 864 2850; x_wconf 78' lang='grc' dir='ltr'><strong><em>καὶ</em></strong></span> <span class='ocrx_word' id='word_1_203' title='bbox 895 2787 927 2851; x_wconf 83' lang='grc' dir='ltr'><strong><em>εί</em></strong></span> <span class='ocrx_word' id='word_1_204' title='bbox 951 2783 995 2869; x_wconf 89' lang='grc' dir='ltr'><strong><em>δή</em></strong></span> <span class='ocrx_word' id='word_1_205' title='bbox 1019 2810 1094 2852; x_wconf 92' lang='grc' dir='ltr'><strong><em>τινα</em></strong></span> <span class='ocrx_word' id='word_1_206' title='bbox 1118 2786 1187 2875; x_wconf 80' lang='grc' dir='ltr'><strong><em>ζῷα</em></strong></span> 
     </span>
     <span class='ocr_line' id='line_1_28' title="bbox 221 2875 1187 2973; baseline 0.012 -30"><span class='ocrx_word' id='word_1_207' title='bbox 221 2875 331 2948; x_wconf 82' lang='grc' dir='ltr'><strong><em>ἄτοπα</em></strong></span> <span class='ocrx_word' id='word_1_208' title='bbox 362 2875 489 2948; x_wconf 85' lang='grc' dir='ltr'><strong><em>αύτόθι</em></strong></span> <span class='ocrx_word' id='word_1_209' title='bbox 521 2877 644 2966; x_wconf 88' lang='grc' dir='ltr'><strong><em>φύεται</em></strong></span> <span class='ocrx_word' id='word_1_210' title='bbox 673 2883 733 2950; x_wconf 81' lang='grc' dir='ltr'><strong><em>καὶ</em></strong></span> <span class='ocrx_word' id='word_1_211' title='bbox 764 2880 826 2950; x_wconf 82' lang='grc' dir='ltr'><strong><em>τὸν</em></strong></span> <span class='ocrx_word' id='word_1_212' title='bbox 852 2883 1055 2973; x_wconf 89' lang='grc' dir='ltr'><strong><em>παράπλουν</em></strong></span> <span class='ocrx_word' id='word_1_213' title='bbox 1080 2883 1187 2954; x_wconf 88' lang='grc' dir='ltr'><strong><em>αύτδν</em></strong></span> 
     </span>
     <span class='ocr_line' id='line_1_29' title="bbox 188 2978 1187 3075; baseline 0.017 -33"><span class='ocrx_word' id='word_1_214' title='bbox 188 2993 205 3042; x_wconf 80' lang='lat'>2</span> <span class='ocrx_word' id='word_1_215' title='bbox 222 2979 281 3063; x_wconf 80' lang='grc' dir='ltr'><strong><em>τῆς</em></strong></span> <span class='ocrx_word' id='word_1_216' title='bbox 309 2978 371 3056; x_wconf 81' lang='grc' dir='ltr'><strong><em>ἔξω</em></strong></span> <span class='ocrx_word' id='word_1_217' title='bbox 387 2979 572 3064; x_wconf 80' lang='grc' dir='ltr'><strong><em>θαλάσσης.</em></strong></span> <span class='ocrx_word' id='word_1_218' title='bbox 606 2984 674 3048; x_wconf 87' lang='grc' dir='ltr'><strong><em>νύν</em></strong></span> <span class='ocrx_word' id='word_1_219' title='bbox 692 2979 730 3048; x_wconf 72' lang='grc' dir='ltr'><strong><em>δὲ</em></strong></span> <span class='ocrx_word' id='word_1_220' title='bbox 748 2979 830 3050; x_wconf 83' lang='grc' dir='ltr'><strong><em>ὅσον</em></strong></span> <span class='ocrx_word' id='word_1_221' title='bbox 849 2987 883 3062; x_wconf 83' lang='grc' dir='ltr'><strong><em>ές</em></strong></span> <span class='ocrx_word' id='word_1_222' title='bbox 908 2985 949 3052; x_wconf 86' lang='grc' dir='ltr'><strong><em>τά</em></strong></span> <span class='ocrx_word' id='word_1_223' title='bbox 963 2985 1187 3075; x_wconf 78' lang='grc' dir='ltr'><strong><em>Ἀλεξάνδρου</em></strong></span> 
     </span>
     <span class='ocr_line' id='line_1_30' title="bbox 223 3076 1184 3176; baseline 0.012 -33"><span class='ocrx_word' id='word_1_224' title='bbox 223 3083 304 3160; x_wconf 80' lang='grc' dir='ltr'><strong><em>ἔργα</em></strong></span> <span class='ocrx_word' id='word_1_225' title='bbox 324 3076 485 3164; x_wconf 80' lang='grc' dir='ltr'><strong><em>ἀποχρῶν</em></strong></span> <span class='ocrx_word' id='word_1_226' title='bbox 504 3081 672 3166; x_wconf 77' lang='grc' dir='ltr'><strong><em>ἐφαίνετο,</em></strong></span> <span class='ocrx_word' id='word_1_227' title='bbox 690 3081 831 3150; x_wconf 87' lang='grc' dir='ltr'><strong><em>τοσόνδε</em></strong></span> <span class='ocrx_word' id='word_1_228' title='bbox 847 3109 904 3170; x_wconf 89' lang='grc' dir='ltr'><strong><em>μοι</em></strong></span> <span class='ocrx_word' id='word_1_229' title='bbox 916 3083 1184 3176; x_wconf 88' lang='grc' dir='ltr'><strong><em>ἀναγεγράφθω·</em></strong></span> 
     </span>
     <span class='ocr_line' id='line_1_31' title="bbox 220 3175 1227 3276; baseline 0.01 -34"><span class='ocrx_word' id='word_1_230' title='bbox 220 3175 294 3243; x_wconf 86' lang='grc' dir='ltr'><strong><em>τὸν·</em></strong></span> <span class='ocrx_word' id='word_1_231' title='bbox 313 3179 448 3261; x_wconf 85' lang='grc' dir='ltr'><strong><em>Ταύρου</em></strong></span> <span class='ocrx_word' id='word_1_232' title='bbox 473 3177 511 3244; x_wconf 89' lang='grc' dir='ltr'><strong><em>τδ</em></strong></span> <span class='ocrx_word' id='word_1_233' title='bbox 539 3175 617 3266; x_wconf 80' lang='grc' dir='ltr'><strong><em>ὅρος</em></strong></span> <span class='ocrx_word' id='word_1_234' title='bbox 644 3177 818 3269; x_wconf 83' lang='grc' dir='ltr'><strong><em>ἀπείργειν</em></strong></span> <span class='ocrx_word' id='word_1_235' title='bbox 839 3181 900 3270; x_wconf 89' lang='grc' dir='ltr'><strong><em>τήν</em></strong></span> <span class='ocrx_word' id='word_1_236' title='bbox 924 3183 1051 3276; x_wconf 84' lang='grc' dir='ltr'><strong><em>Ἀσίαν,</em></strong></span> <span class='ocrx_word' id='word_1_237' title='bbox 1079 3183 1184 3274; x_wconf 87' lang='grc' dir='ltr'><strong><em>ἀρχό·</em></strong></span> <span class='ocrx_word' id='word_1_238' title='bbox 1197 3211 1227 3252; x_wconf 82' lang='grc' dir='ltr'><strong><em>ιο</em></strong></span> 
     </span>
     <span class='ocr_line' id='line_1_32' title="bbox 218 3274 1185 3374; baseline 0.014 -33"><span class='ocrx_word' id='word_1_239' title='bbox 218 3301 321 3362; x_wconf 89' lang='grc' dir='ltr'><strong><em>μενον</em></strong></span> <span class='ocrx_word' id='word_1_240' title='bbox 338 3274 402 3362; x_wconf 74' lang='grc' dir='ltr'><strong><em>μέν</em></strong></span> <span class='ocrx_word' id='word_1_241' title='bbox 419 3275 487 3344; x_wconf 82' lang='grc' dir='ltr'><strong><em>ἀπὸ</em></strong></span> <span class='ocrx_word' id='word_1_242' title='bbox 505 3279 674 3367; x_wconf 86' lang='grc' dir='ltr'><strong><em>Μυκάλης</em></strong></span> <span class='ocrx_word' id='word_1_243' title='bbox 690 3284 751 3350; x_wconf 83' lang='grc' dir='ltr'><strong><em>τού</em></strong></span> <span class='ocrx_word' id='word_1_244' title='bbox 769 3284 970 3374; x_wconf 84' lang='grc' dir='ltr'><strong><em>καταντικρύ</em></strong></span> <span class='ocrx_word' id='word_1_245' title='bbox 987 3285 1108 3374; x_wconf 87' lang='grc' dir='ltr'><strong><em>Σάμου</em></strong></span> <span class='ocrx_word' id='word_1_246' title='bbox 1126 3292 1185 3374; x_wconf 82' lang='grc' dir='ltr'><strong><em>τῆς</em></strong></span> 
     </span>
     <span class='ocr_line' id='line_1_33' title="bbox 219 3373 1185 3474; baseline 0.014 -32"><span class='ocrx_word' id='word_1_247' title='bbox 219 3375 325 3461; x_wconf 91' lang='grc' dir='ltr'><strong><em>νήσου</em></strong></span> <span class='ocrx_word' id='word_1_248' title='bbox 353 3373 467 3466; x_wconf 81' lang='grc' dir='ltr'><strong><em>ὄρους,</em></strong></span> <span class='ocrx_word' id='word_1_249' title='bbox 493 3377 768 3474; x_wconf 85' lang='grc' dir='ltr'><strong><em>ἀποτεμνόμενον</em></strong></span> <span class='ocrx_word' id='word_1_250' title='bbox 786 3381 825 3450; x_wconf 74' lang='grc' dir='ltr'><strong><em>δὲ</em></strong></span> <span class='ocrx_word' id='word_1_251' title='bbox 847 3382 909 3468; x_wconf 88' lang='grc' dir='ltr'><strong><em>τήν</em></strong></span> <span class='ocrx_word' id='word_1_252' title='bbox 926 3408 962 3452; x_wconf 90' lang='grc' dir='ltr'><strong><em>τε</em></strong></span> <span class='ocrx_word' id='word_1_253' title='bbox 981 3386 1185 3473; x_wconf 87' lang='grc' dir='ltr'><strong><em>Παμφύλων</em></strong></span> 
     </span>
    </p>
   </div>
   <div class='ocr_carea' id='block_1_3' title="bbox 0 0 1322 3922">
    <p class='ocr_par' dir='ltr' id='par_1_3' title="bbox 0 0 1322 3922">
     <span class='ocr_line' id='line_1_34' title="bbox 0 0 1322 3922; baseline 0 0"><span class='ocrx_word' id='word_1_254' title='bbox 0 0 1322 3922; x_wconf 95' lang='lat' dir='ltr'><strong><em> </em></strong></span> 
     </span>
    </p>
   </div>
  </div>
 </body>
</html>
