2572 3920
456 168 641 221 mmm
659 172 683 235 ε,
704 174 727 221 ι.
1030 167 1073 234 55

104 305 151 388 ὥς
175 304 217 377 ού
240 295 421 398 προσεῖχον
443 305 536 400 αύτῷ
559 311 595 376 οί
615 315 858 396 Μιτυληναῖοι,
884 306 943 390 τάς
967 307 1070 390 ἄλλας

104 408 220 489 πόλεις
242 413 302 496 τής
318 409 452 495 Λέσβον
476 407 715 496 προσηγάγετο.
750 409 874 489 ταύτας
898 407 937 479 δὲ
960 425 1106 499 παρα-τ

105 509 317 598 στησάμενος
343 508 401 578 καί
429 507 608 596 προσσχοδν
636 515 678 597 τῇ
709 508 889 600 Μιτυλήνῃ
918 509 980 597 τήν
1010 511 1072 598 μὲν

106 609 210 679 πάλιν
223 609 343 699 χάρακι
357 613 462 701 διπλῷ
478 611 514 677 ἐκ
526 607 694 697 θαλάττης
708 612 742 690 ἐς
754 609 925 679 θάλατταν
938 606 1073 680 άπετεί-

80 739 94 780 ε
106 731 195 800 χισε,
229 708 438 798 στρατόπεδα
466 709 505 778 δὲ
529 710 629 778 πέντε
652 711 993 800 ἐποικοδομησάμενος
1011 717 1075 799 τής

105 817 172 899 γῆς
204 807 331 899 ἐκράτει
360 809 401 879 ού
432 815 594 899 χαλεπάς.
636 811 694 879 καὶ
723 812 823 901 μέρος
852 813 929 900 μέν
946 840 977 880 τι
1005 815 1074 881 τῶν

107 917 200 982 νεῶν
221 910 282 980 τὸν
306 910 423 999 λιμένα
446 909 562 980 αύτύν
587 910 775 1000 ἐφύλασσε,
808 911 866 993 τάς
884 913 923 981 δὲ
941 914 995 982 ἐπὶ
1013 912 1075 999 τήν

106 1012 219 1101 ἄκραν
235 1017 296 1099 τής
314 1013 446 1099 Λέσβου
464 1009 501 1081 τὸ
521 1017 679 1101 Σίγριον,
703 1016 761 1081 ’ίνα
778 1008 798 1100 ή
818 1013 989 1102 προσβολή
1008 1013 1075 1102 μά-

110 1111 206 1183 λιστά
240 1115 309 1182 ἐστι
336 1127 410 1194 ταῖς
438 1111 506 1182 άπό
535 1137 571 1181 τε
600 1119 687 1182 Χίου
717 1113 774 1182 καί
805 1121 989 1204 Γεραιστοῦ
1019 1115 1076 1183 καὶ

70 1241 98 1283 ιο
111 1213 252 1294 Μαλέας
287 1211 442 1301 ὁλκάσιν,
480 1211 681 1293 ἀποστείλας
713 1212 774 1282 τὸν
802 1215 1002 1304 παράπλουν
1039 1217 1076 1284 έν

110 1319 250 1404 φυλακή
269 1312 370 1403 εἶχεν,
396 1313 441 1396 ὥς
464 1313 511 1403 μή
528 1339 604 1382 τινα
622 1310 787 1402 ὠφέλειαν
805 1313 887 1383 κατά
905 1315 1076 1384 θάλατταν

110 1423 291 1502 γίγνεσθαι
314 1429 384 1496 τοῖς
410 1421 660 1502 Μιτυληναίοις.
695 1415 753 1484 καί
777 1417 814 1485 ἐν
838 1415 947 1510 τούτῳ
972 1414 1111 1496 αύτδςα

111 1517 175 1604 μὲν
198 1515 290 1609 νόσῳ
312 1521 471 1607 τελευτᾷ,
501 1516 558 1584 καί
580 1525 675 1605 είπερ
692 1543 724 1584 τι
741 1515 823 1586 άλλο
840 1517 897 1585 καί
921 1523 1021 1586 τοῦτο
1040 1519 1077 1586 ἐν

111 1623 160 1708 τῷ
185 1617 258 1686 τότε
282 1623 406 1704 ἔβλαψε
428 1614 468 1685 τά
486 1619 648 1704 βασιλέως
666 1616 853 1706 πράγματα.
891 1615 1077 1707 Αὐτοφρα-

76 1717 215 1805 ιεδάτης
240 1717 279 1786 δέ
310 1718 366 1786 καὶ
392 1716 606 1806 Φαρνάβαζος
630 1711 891 1806 ὁ·Ἀρταβάζου,
922 1717 988 1810 ὅτφ
1021 1719 1078 1786 καί

114 1820 276 1908 ἐπέτρεψε
292 1824 457 1888 τελευτῶν
475 1815 492 1887 ὁ
508 1819 660 1906 Μέμνων
676 1814 739 1905 τήν
756 1817 863 1887 αὑτοῦ
881 1813 988 1908 άρχήν
1006 1825 1079 1888 ἔστε

114 1918 267 2009 Δαρεῖόν
295 1946 326 1987 τι
347 1917 435 2008 ὑπὲρ
458 1916 563 2006 αὐτῆς
589 1921 736 2006 γνῶναι,
767 1916 938 2011 ἀδελφιδῷ
970 1916 1078 1987 αὑτοῦ

113 2019 197 2108 ὄντι,
216 2013 309 2089 οὗτοι
321 2027 364 2109 τή
381 2025 557 2110 πολιορκίᾳ
574 2015 637 2088 ούκ
655 2016 835 2110 άρρύστοις
854 2020 1077 2110 προσέκειντο.

114 2122 171 2191 καὶ
197 2125 233 2190 οί
249 2129 475 2208 Μιτυληναῖοι
497 2125 556 2207 τής
580 2145 616 2189 τε
640 2126 702 2208 γής
727 2118 913 2209 εἰργόμενοι
936 2122 993 2189 καί
1011 2117 1113 2189 άπδι

78 2249 104 2290 το
115 2221 283 2308 θαλάττης
297 2230 437 2302 πολλαῖς
451 2221 574 2291 ναυσίν
588 2221 812 2310 ἐφορμούσαις
830 2221 1080 2312 φρουρούμενοι

115 2324 306 2411 πέμψαντες
329 2321 420 2412 παρὰ
444 2321 504 2391 τδν
524 2320 741 2411 Φαρνάβαζον
765 2320 944 2410 ὁμολογίας
964 2321 1079 2408 ἐποιή-

116 2445 230 2511 σαντο,
248 2422 327 2503 τούς
341 2422 404 2512 μὲν
418 2425 535 2505 ξένους
549 2421 628 2502 τούς
647 2420 727 2512 παρ’
745 2417 965 2513 Ἀλεξάνδρου
984 2427 1080 2510 σφίσι

115 2521 200 2594 κατά
227 2530 421 2613 συμμαχίαν
445 2523 587 2611 ἥκοντας
613 2520 792 2610 ἀπελθεῖν,
824 2531 1080 2611 Μιτυληναίους

116 2625 154 2694 δὲ
178 2633 339 2695 καθελεῖν
361 2624 424 2714 μέν
446 2623 507 2703 τάς
529 2623 613 2713 πρὸς
633 2621 853 2713 Ἀλέξανδρόν
872 2644 964 2712 σφισι
981 2650 1077 2710 γενο-

79 2751 105 2792 τε
116 2726 221 2814 μένας
234 2725 368 2813 στήλας,
388 2724 580 2814 ξυμμάχους
598 2723 635 2792 δὲ
651 2723 737 2793 εἶναι
750 2730 899 2814 Δαρείου
917 2724 1000 2793 κατά
1018 2722 1081 2811 τήν

117 2825 256 2914 εἰρήνην
272 2825 335 2914 τήν
354 2823 401 2895 ἐπ’
417 2823 634 2895 Ἀνταλκίδου
648 2827 833 2913 γενομένην
847 2824 931 2914 πρὸς
943 2825 1081 2911 βασιλέα

117 2941 286 3015 Δαρεῖον,
311 2926 391 3007 τούς
412 2925 567 3013 φυγάδας
586 2924 624 2994 δὲ
642 2923 757 2995 αύτύν
773 2926 921 2995 κατιέναι
939 2926 995 2994 ε’πί
1012 2939 1082 3004 τοῖς

116 3025 251 3115 ἡμίσεσι
267 3033 337 3097 τοῖν
355 3027 429 3097 τότε
446 3026 555 3098 ὄντων
571 3026 626 3096 ὅτε
641 3033 779 3116 ἔφυγον.
808 3027 863 3096 ἐπὶ
876 3025 1006 3106 τούτοις
1019 3025 1082 3114 μὲν
1099 3041 1116 3092 σ

118 3127 160 3216 δή
182 3125 203 3216 ή
220 3128 382 3218 ξύμβασις
399 3144 470 3210 τοῖς
488 3135 731 3215 Μιτυληναίοις
749 3126 833 3216 πρὸς
850 3125 930 3208 τούς
949 3127 1083 3217 Πέρσας

83 3231 250 3316 εοξυνέβη.
305 3229 520 3320 Φαρνάβαζος
552 3227 590 3297 δέ
622 3229 678 3296 καί
711 3226 1000 3318 Αὐτοφραδάτης,
1038 3227 1083 3308 ὡς

121 3335 295 3417 παρῆλθον
324 3329 412 3411 άπαξ
443 3340 524 3399 είσω
547 3334 605 3415 τής
629 3327 775 3413 πόλεως,
806 3327 965 3418 φρουράν
987 3355 1023 3396 τε
1050 3331 1083 3406 ἐς

122 3426 228 3517 αύτήν
246 3428 428 3518 εἰσήγαγον
444 3431 501 3499 καὶ
518 3428 736 3520 φρούραρχον
751 3423 798 3496 ἐπ’
818 3427 904 3518 αύτή
924 3426 1084 3514 Λυκομή-
