2572 3920
346 127 349 132 ’
457 143 641 196 εειειειε
660 149 684 212 ι,
702 149 744 198 τι.
898 215 901 222 ¹
1035 147 1076 212 41

194 279 246 354 06
265 289 404 364 πολλαῖς
419 283 457 354 δέ
474 281 613 374 ἡμέραις
630 281 773 376 ὕστερον
791 285 855 356 δύο
872 290 941 356 τῶν
956 297 1124 363 Maus-21

113 382 227 452 δύνειν
244 381 377 454 ὁπλῖται
395 387 431 453 ἐκ
448 391 507 472 τῆς
521 391 714 473 Περδίκκου
730 386 851 469 τάξεως
865 391 1076 476 ξυσκηνοῦν-

112 486 167 564 τές
190 511 227 554 τε
251 485 308 554 καὶ
326 485 393 574 ἀμα
418 487 639 574 ξυμπίνοντες
665 480 773 556 αύτόν
789 515 825 556 τε
842 489 899 556 καὶ
912 487 953 556 τά
970 486 1077 558 αύτοῦ

115 585 267 674 ἑκάτερος
285 586 341 654 ἐπὶ
353 587 439 674 μέγα
456 591 503 679 τῷ
521 585 612 679 λόγῳ
627 579 719 674 ἦγεν.
739 593 826 658 ἔνθα
848 587 890 676 δὴ
908 597 1077 678 φιλοτιμία

75 712 88 752 ε
111 713 149 756 τε
168 689 319 756 ἐσπίπτει
332 685 459 774 αύτοῑς,
477 694 537 756 καί
551 715 581 757 τι
597 682 687 756 καὶ
671 716 689 757 ο
708 687 798 770 οίνος
814 685 1077 811 ὑπεθέρμαινεν,

114 781 200 856 ὥστε
218 784 456 912 ὁπλισάμενοι
456 785 552 858 αύτοι
570 791 625 858 ἐπὶ
649 794 747 877 σφῶν
765 790 1062 882 προσβάλλουσι
1029 797 1077 860 τῶ
1170 791 1177 804 ’

112 895 214 976 τείχει
237 883 320 956 κατά
346 888 408 976 τὴν
434 885 542 977 ἀκραν
565 889 627 977 την
652 889 737 980 πρός
762 890 910 962 Μύλασα
934 891 1077 979 μάλιστα
1162 889 1166 898 ⁴

113 992 359 1078 τετραμμένην,
387 987 431 1070 τός
450 991 661 1073 ἐπίδειξιν
623 1019 682 1078 της
700 996 798 1079 σφοῖν
816 991 928 1115 ῥύμης
945 989 1077 1079 μᾶλλόν

112 1117 144 1158 τι
177 1086 199 1177 6
234 1089 319 1180 πρός
350 1097 529 1179 πολεμίους
559 1089 640 1180 μετά
675 1090 839 1162 κινδύνου
869 1092 931 1162 τόν
961 1091 1103 1179 άγύνα

75 1218 100 1258 ιο
115 1189 337 1278 ποιησόμενοι.
372 1193 429 1260 καὶ
452 1191 593 1272 τούτους
618 1192 808 1272 κατιδόντες
831 1193 918 1272 τινὲς
944 1197 1013 1262 τῶν
1040 1196 1111 1262 ἐκ
1094 1208 1113 1240 ⁰

113 1294 171 1378 τῆς
189 1290 318 1371 πόλεως
337 1291 400 1361 δύο
416 1319 452 1361 τε
470 1291 570 1372 όντας
589 1293 645 1360 καὶ
662 1320 703 1361 ου
693 1291 784 1374 ’ξύν
803 1298 950 1384 λογισμῷ
969 1316 1076 1385 προσ·

113 1394 322 1481 φερομένους
346 1397 394 1484 τῷ
417 1398 515 1480 τείχει
539 1393 766 1464 ἐπεκθέουσιν.
809 1397 844 1462 οί
866 1393 905 1463 δὲ
922 1421 1001 1475 τους
1014 1394 1077 1482 μὲν

115 1490 218 1578 ἐγγύς
232 1491 440 1573 πελάσαντας
458 1491 667 1580 ἀπέκτειναν,
686 1492 770 1581 πρός
784 1493 822 1562 δδ
834 1493 914 1574 τούς
928 1491 1076 1582 ἀφεστη-

113 1592 213 1674 κότας
232 1591 501 1682 ἠκροβολίζοντο,
525 1593 822 1682 πλεονεκτούμενοι
838 1601 885 1687 τῷ
902 1623 938 1664 τε
956 1596 1078 1683 πλήθει
1139 1657 1141 1662 ,

78 1695 172 1762 ιικαλ
196 1699 258 1768 τοῦ
281 1701 407 1781 χωρίου
430 1700 473 1784 τῇ
499 1695 714 1782 χαλεπότητι,
742 1693 794 1764 ὅτι
818 1697 850 1778 ἐξ
874 1693 1076 1787 ὑπερδεξίου

114 1809 185 1875 τοῖς
209 1802 377 1882 πολεμίοις
402 1793 423 1882 6
451 1796 610 1885 ἐπιδρομή
640 1822 675 1865 τε
705 1795 762 1864 καὶ
790 1793 808 1864 6
836 1793 1077 1885 ἀκροβολισμός

116 1898 278 1983 ἐγίγνετο.
309 1897 367 1964 καὶ
385 1897 422 1964 ἐν
439 1895 546 1989 τούτῳ
565 1894 788 1965 ἀντεκθέουσί
803 1922 890 1976 τινες
908 1897 965 1964 καὶ
983 1895 1078 1964 ἀλλοι
1095 1910 1113 1959 3
1158 1951 1167 1968 .

115 2003 183 2066 τῶν
200 2023 261 2066 του
246 2001 470 2084 Περδίκκου
489 2003 718 2085 στρατιωτων,
745 1991 847 2064 καὶ’
827 1995 892 2065 από
916 2003 976 2084 τῆς
990 1994 1078 2066 Αλι·

114 2103 308 2185 καρνασσού
326 2095 421 2168 ἄλλοι
442 2098 497 2166 καὶ
517 2099 696 2187 ξυμπίπτει
718 2095 807 2185 μάχη
824 2095 968 2188 καρτερά
991 2095 1078 2188 πρός

79 2225 103 2268 εο
115 2225 160 2290 τῳ
149 2204 300 2286 ”·τείχει
318 2199 375 2266 καὶ
392 2205 641 2268 κατακλείονται
658 2189 760 2278 αὖθις
778 2196 861 2287 πρός
874 2203 944 2268 τόν
957 2208 1077 2269 Μακε-

115 2272 229 2368 δόνων
255 2309 335 2370 είσω
364 2305 434 2368 τῶν
466 2303 584 2368 πυλῶν
616 2303 652 2368 oc
683 2298 957 2387 ἐπεκδραμόντες.
1000 2324 1068 2383 παρ
1095 2312 1113 2361 4

115 2398 231 2487 ὀλίγον
263 2399 302 2470 δέ
330 2391 416 2488 ἦλθε
446 2401 504 2468 καὶ
526 2397 655 2468 άλοὸναι
684 2397 705 2486 6
730 2397 838 2479 πόλις.
881 2399 922 2468 τά
947 2425 983 2468 τε
1013 2399 1077 2486 γάρ

115 2507 206 2589 τείχη
232 2503 269 2570 ἐν
292 2507 340 2594 τῷ
363 2500 438 2570 τότε
462 2497 526 2570 ούκ
556 2501 594 2569 ἐν
620 2497 753 2587 ἀκριβεῖ
776 2504 912 2589 φυλακῇ
944 2492 989 2586 ἦν
1021 2499 1079 2567 καὶ

115 2601 179 2670 δύο
197 2601 321 2690 πύργοι
342 2601 399 2669 καὶ
421 2598 649 2690 μεσοπύργιον
667 2602 700 2681 ἐς
718 2604 842 2688 ἔδαφος
859 2625 1077 2668 καταπεπτω-

80 2725 104 2767 εε
116 2701 197 2771 κότα
214 2700 255 2770 ού
274 2700 422 2789 χαλεπὴν
439 2698 483 2771 ἀν
498 2707 545 2793 τῷ
563 2699 797 2789 στρατεύματι,
815 2706 847 2770 εί
862 2699 953 2769 ἀπαν
972 2726 1078 2786 προς-

115 2802 222 2890 ήψατο
239 2808 301 2872 τού
319 2810 433 2892 ἔργον,
450 2801 511 2890 τὴν
530 2805 564 2882 ἐς
582 2800 620 2870 τδ
633 2815 741 2888 τεῖχος
758 2801 909 2890 πάροδον
923 2803 1078 2888 παρέσχε.

116 2901 215 2974 καὶὸ
244 2910 355 2994 τρίτος
382 2902 511 2991 πύργος
543 2901 839 2989 κατασεσεισμένος
872 2898 954 2971 ούδὲ
980 2893 1079 2982 οὗτος

115 3010 266 3092 χαλεπῶς
284 3001 327 3074 δν
344 3001 493 3094 ἠρείφθη
506 3000 799 3093 ὑπορυσσόμενος·
819 2999 903 3071 ἀλλά
922 3007 1079 3089 ἔφθησαν

115 3104 178 3195 γάρ
196 3100 274 3174 ἀντὶ
291 3110 352 3174 τοῦ
371 3103 580 3184 πεπτωκότος
600 3110 731 3191 τείχους
748 3108 878 3172 ἔσωθεν
896 3108 1078 3172 πλίνθινον

81 3230 104 3272 εο
115 3205 286 3294 μηνοειδὲς
295 3203 655 3294 ἀντοικοδομησάμενοι
668 3201 709 3272 ού
724 3208 877 3292 χαλεποῖς
890 3201 959 3272 ύπό
974 3210 1077 3271 πολυ·

115 3313 251 3396 χειρίνς.

189 3407 258 3478 Καὶ
270 3406 379 3500 τούτῳ
399 3408 501 3494 ἐπῆγε
518 3409 560 3494 τῇ
573 3401 735 3497 ύστεραίμ
747 3404 811 3487 τὰς
827 3402 980 3495 μηχανάς
990 3401 1076 3472 Ἀλέ-
1094 3413 1113 3463 ⁶
