2620 3924
478 172 665 224 mmm
682 176 708 236 ι,
727 174 769 224 ιι.
1055 169 1116 234 123

153 317 281 379 λασσαν
300 308 339 380 δέ
355 310 566 398 κατέπεμψεν
589 309 745 399 ὐπαρχον
764 319 896 400 Συρίας
918 311 977 380 καὶ
997 317 1116 381 Φοινί-

152 438 212 498 κης
229 413 287 482 καὶ
307 419 459 491 Κιλικίας
478 413 629 500 Μένητα.
660 415 718 482 καὶ
730 413 842 504 τούτρι
861 418 986 482 ἔδωκεν
1004 412 1113 500 άρμυ·
1135 423 1169 473 1⁰

153 501 398 598 ρίουτάλαντα
417 516 450 592 ἐς
462 521 628 602 τρισχίλια
641 515 757 602 φέρειν
773 516 828 583 ἐπὶ
847 514 1040 600 θάλασσαν,
1058 515 1115 582 καὶ

154 612 208 680 ὐπ’
240 613 356 682 αὐτόν
386 613 582 688 άποστεῖλαι
612 614 687 704 παρ’
710 615 933 703 Ἀντίπατρον
957 613 1048 684 ὅσων
1072 609 1117 681 ἂν

125 713 267 800 σδέηται
281 713 498 803 Ἀντίπατρος
518 716 605 795 ἐς
570 741 631 784 τον
646 716 731 805 πρὸς
745 721 1033 804 Λακεδαιμονίους
1052 715 1116 783 πό·

153 823 264 920 λεμον.
301 817 451 884 ἐνταῦθα
476 815 562 884 καλ’
558 819 720 905 Αμύντας
747 817 766 886 ό
787 817 1034 944 Ἀνδρομένους
1052 815 1117 896 ξύν

152 943 193 1004 τῃ
180 899 518 1042 δυνάμειάφίκετο,
532 914 576 1021 ἣν
593 910 890 997 έκΜακεδονιας
870 945 940 1004 ηγε
966 945 1023 986 και
1033 944 1116 986 του
1135 925 1166 976 11

153 1043 221 1084 των
244 1017 327 1096 τούς
348 1017 412 1104 μὲν
437 1018 559 1098 ἱππέας
585 1023 619 1100 ἐς
642 1020 705 1106 τὴν
729 1025 836 1088 ’ίππον
860 1019 924 1105 τὴν
950 1019 1116 1105 ἑταιρικὴν

153 1117 331 1198 κατέταξεν
352 1117 589 1209 Ἀλέξανδρος,
614 1122 697 1200 τούς
721 1120 840 1202 πεξούς
865 1119 904 1188 δὲ
928 1119 1117 1207 προσέθηκε

12 1233 16 1240 “
115 1245 142 1286 ιο
154 1234 229 1298 ταῖς
246 1219 358 1300 τάξεσι
374 1235 448 1298 ταῖς
465 1218 595 1309 ἄλλαις,
613 1221 697 1290 κατά
713 1227 796 1307 ἔθνη
813 1220 974 1300 ἑκάστους
992 1219 1117 1300 ξυντά-

155 1321 222 1400 ξας.
262 1319 443 1406 κατέστησε
466 1320 505 1388 δέ
528 1323 586 1390 καὶ
611 1322 733 1408 λόχους
756 1320 821 1390 δύο
847 1323 884 1389 έν
904 1320 1026 1409 ἑκάστῃ
1047 1328 1117 1406 nn,

156 1421 197 1488 οὐ
222 1419 373 1510 πρόσθεν
392 1419 492 1500 ὄντας
517 1422 640 1509 λόχους
667 1421 844 1508 λππικούς,
868 1423 925 1489 καὶ
949 1421 1117 1507 λοχαγούς

158 1521 317 1609 ἐπέστησε
349 1522 431 1602 τούς
459 1521 529 1590 κατ’
560 1522 683 1612 ἀρετὴν
713 1522 960 1610 προκριθέντας
987 1524 1117 1590 ἐκτῶν

158 1625 310 1710 ἑταίρων.

116 1748 143 1792 ιτ
220 1721 327 1848 ’Ἁρας
345 1722 419 1794 δέ’
402 1749 439 1792 εκ
453 1723 599 1793 Σούσων
617 1679 674 1791 κάλ
693 1725 863 1812 διαρας
829 1751 890 1792 τον
906 1729 1116 1810 Πασιτίχρην
1128 1724 1167 1789 17

156 1825 309 1950 ποταμὸν
328 1825 532 1912 ἐμβάλλειί
500 1851 516 1892 ε
532 1851 549 1902 ς
566 1823 629 1910 τὴν
650 1823 846 1905 Οὐξίων
805 1851 879 1911 νην.
924 1822 1061 1902 Οὐξίων
1080 1823 1135 1891 δε

156 1930 195 1992 οί
212 1925 274 2012 μὲν
297 1925 338 1992 τά
369 1930 468 1994 πεδιά
494 1926 668 2002 οίκούντες
697 1927 759 1993 τού
790 1950 827 1992 τε
850 1924 1026 2012 σατράπου
1049 1949 1119 1990 των

157 2028 302 2112 Περσων
314 2023 441 2112 ἤκουον
455 2027 512 2094 καὶ
526 2025 602 2109 τότε
613 2022 821 2116 Ἀλεξάνδρῳ
836 2029 924 2110 σφᾶς
941 2023 1117 2093 ἐνέδοσαν·

156 2131 193 2195 οί
208 2126 245 2194 δὲ
264 2125 584 2215 ὅρειοικαλούμενοι
605 2124 719 2206 Οὔξιοι
730 2125 934 2214 ’Πέρσαιςτε
947 2123 1010 2210 οὐχ
1027 2123 1119 2210 ὐπή-

116 2253 144 2294 το
157 2253 228 2295 κοοι
245 2219 331 2312 ἦσαν
348 2229 405 2296 καὶ
423 2227 498 2296 τότε
516 2227 707 2312 πέμψαντες
725 2226 800 2316 παρ’
816 2225 1037 2314 Ἀλέξανδρον
1055 2224 1119 2293 οὐκ

156 2326 267 2407 άλλως
285 2329 447 2416 παρήσειν
473 2334 603 2415 ἔφασαν
619 2327 681 2414 τὴν
702 2329 757 2396 ἐπὶ
781 2327 916 2416 Πέρσας
936 2327 1031 2396 ίόντα
1056 2327 1119 2407 ξύυ

155 2455 197 2516 τῃ
184 2424 398 2516 δυνάμει”
378 2455 399 2514 η
414 2427 568 2516 λαβεῑν“
550 2449 612 2500 οσα
629 2431 687 2496 καὶ
706 2429 797 2516 παρὰ
815 2433 876 2498 τοῦ
893 2430 1037 2516 Περσῶν
1055 2435 1119 2514 βα-

157 2529 274 2608 σιλέως
290 2532 345 2598 ἐπι
358 2555 399 2616 τη
385 2529 555 2620 παρόδῳ
575 2529 775 2618 ἐλάμβανον.
799 2531 857 2598 και
870 2555 1014 2607 τουτους
1032 2527 1119 2596 άπο-
1136 2543 1154 2593 κ

158 2630 280 2718 πέμπει
294 2627 563 2720 Ἀλέξανδρος,“
541 2657 633 2716 ηκειν
651 2631 813 2709 κελεύσας
828 2629 934 2698 ἐπὶ
896 2656 938 2697 τα
953 2627 1052 2698 στενά
1072 2619 1120 2696 ὧν

118 2757 145 2798 25
158 2733 360 2858 κρατρύντες
386 2733 441 2800 ἐπὶ
465 2738 584 2818 σφίσιν
609 2731 753 2800 ἐδόκουν
777 2731 840 2816 τὴν
858 2730 1010 2817 πάροδον
1035 2727 1122 2797 ειναι

157 2833 221 2917 τὴν
240 2835 273 2911 ἐς
292 2833 486 2921 Πέρσας,”
471 2859 528 2900 ινα
551 2833 608 2900 καὶ
627 2830 701 2920 παρ’
722 2830 830 2900 αὐτοῦ
855 2831 989 2917 λάβοιεν
1006 2829 1048 2897 τά
1065 2855 1120 2896 τε·

156 2933 315 3020 ταχμένα.
353 2932 456 3012 αὐτὸς
475 2933 512 3002 δέ
530 2931 712 3021 ἀναλαβωυ
729 2931 810 3010 τούς
816 2929 1121 3060 σωματοφύλακας

156 3033 239 3112 τούς
256 3034 450 3120 βασιλικούς
464 3037 521 3102 καλ
535 3033 617 3112 τούς
635 3031 847 3110 ὑπασπιστὰς
865 3033 922 3100 καὶ
941 3033 1000 3118 τῆς
1018 3028 1121 3116 αλλιχς

159 3136 315 3219 στρατιάς
335 3137 368 3214 ἐς
387 3134 653 3220 ὀκτακισχιλίους
677 3138 736 3221 τῆς
760 3131 883 3212 νυκτὸς
908 3129 960 3220 ᾔει
977 3127 1122 3218 άλληνῆ

120 3260 147 3308 ³0
159 3235 221 3320 τὴν
239 3235 393 3322 φανεράν
410 3235 632 3322 ἡγησαμένων
651 3234 744 3324 αὐτῷ
763 3237 832 3302 τῶν
852 3239 1023 3302 Σουσίων,
1063 3233 1121 3299 καὶ
1140 3246 1157 3296 ³

159 3335 305 3406 διελδύν
323 3335 405 3406 ὁδδν
428 3349 587 3424 τραχεῖαν
605 3337 662 3404 καὶ
680 3335 855 3421 δύσπορον
875 3337 911 3404 έν
929 3336 987 3422 μιᾷ
1012 3330 1121 3420 ἡμέρᾳ

159 3439 328 3508 ἐπιπίπτει
349 3453 423 3518 ταῖς
447 3437 576 3526 κιόμαις
599 3438 668 3506 τόν
696 3433 853 3523 Οὐξίων,
883 3436 941 3506 καὶ
969 3439 1064 3503 λείαν
1087 3457 1123 3502 τε
