2632 3922
439 168 625 220 εαεεεειε
642 169 666 232 ε,
685 170 726 221 11.
745 169 786 224 ιε.
1032 169 1099 236 215

116 323 255 412 κρύψαι
280 325 339 409 τῆς
357 321 542 412 διαβάσεως
559 325 620 412 τὴν
640 327 856 412 ἐπιχείρησιν,
882 323 988 414 ταύτῃ
1009 333 1098 412 ἔγνω

120 424 327 513 διαβιβάζειν
343 424 404 492 τόν
423 423 577 514 στρατόν.
618 423 765 512 άπεῑχε
783 424 821 494 δὲ
839 423 860 513 ἥ
877 452 913 494 τε
931 424 1018 514 άκρα
1036 430 1095 497 καὶ
1112 443 1131 492 2

120 522 145 611 ἡ
174 526 278 612 νῆσος
302 528 364 593 τού
391 525 540 613 μεγάλου
568 526 797 614 στρατοπέδου
826 528 859 606 ές
886 527 1098 614 πεντήκοντα

121 626 185 694 καὶ
215 623 335 694 ἑκατόν
362 631 532 706 σταδίους.
576 627 667 716 παρὰ
694 631 808 697 πᾶσαν
835 625 873 696 δὲ
898 626 961 714 την
987 626 1098 715 όχθην

91 732 284 813 εφνλακαί
305 752 342 795 τε
367 723 462 818 αύτῷ
480 737 722 814 καθεστηκυῖαι
739 717 840 814 ἦσαν,
866 731 1099 797 διαλείπουσαι

122 823 210 895 ὅσον
245 825 435 916 ξύμμετρον
469 830 502 908 ἐς
535 828 572 898 τό
606 829 754 917 ξυνορᾶν
780 853 817 895 τε
843 825 1012 915 ἀλλήλους
1038 831 1098 898 καὶ

32 1004 34 1008 ,
122 927 327 996 κατακούειν
353 927 503 1008 εὐπετῶς
529 927 659 998 ὁπόθεν
677 955 715 996 -τι
732 929 1009 1018 παραγγέλλοιτο,
1039 932 1098 999 καὶ

123 1027 342 1114 πανταχόθεν
374 1035 456 1117 βοαί
484 1056 522 1098 τε
553 1029 690 1118 νύκτωρ
723 1030 779 1098 ἐπὶ
812 1026 949 1108 πολλάς
970 1029 1099 1111 νύκτας

127 1131 305 1216 ἐγίγνοντο
332 1131 390 1198 καὶ
417 1128 509 1216 πυρά
539 1131 676 1199 ἐκαίετο.

82 1259 110 1300 ιο
202 1225 335 1316 Ἐπειδὴ
361 1229 400 1297 δὲ
427 1235 515 1315 ἔγνω
534 1233 710 1318 ἐπιχειρεῖν
729 1233 777 1321 τῷ
795 1228 904 1321 πόρω,
930 1228 1015 1297 κατά
1034 1229 1133 1317 μένε

125 1330 165 1396 τό
195 1327 423 1418 στρατόπεδον
449 1333 605 1420 φανερῶς
641 1327 734 1420 αύτῷ
761 1328 802 1397 τά
829 1331 887 1416 τῆς
913 1330 1099 1418 διαβάσεως

126 1429 399 1518 παρεσκευάζετο.
470 1432 527 1498 καὶ
568 1429 741 1520 Κράτερος
780 1428 998 1498 ύπελέλειπτο
1041 1433 1098 1500 ἐπὶ

127 1532 357 1619 στρατοπέδου
389 1529 452 1617 τὴν
485 1557 522 1600 τε
556 1530 666 1600 αύτού
702 1536 788 1616 ἔχων
822 1534 1008 1618 ἱππαρχίαν
1041 1533 1099 1599 καὶ

127 1631 209 1710 τούς
236 1633 269 1712 ἐξ
286 1630 484 1720 Ἀραχωτῶν
503 1633 561 1700 καὶ
580 1635 881 1719 Παραπαμισαδῶν
900 1632 1022 1712 ἱππέας
1039 1634 1099 1700 καὶ

89 1761 115 1800 15
129 1734 190 1818 τῆς
218 1732 392 1819 φάλαγγος
417 1735 488 1800 τῶν
505 1731 720 1802 Μακεδόνων
736 1731 798 1818 την
815 1757 851 1798 τε
865 1728 1022 1801 Ἀλκέτου
1040 1733 1100 1801 καὶ

128 1831 192 1920 τὴν
210 1833 515 1921 Πολυσπέρχοντος
540 1833 635 1914 τάξιν
661 1833 719 1900 καὶ
741 1829 823 1910 τούς
839 1831 1012 1918 νομάρχας
1028 1836 1100 1900 τῶν

131 1933 186 2001 ἐπὶ
212 1932 291 2002 τάδε
306 1930 424 2002 Ἰνδῶν
449 1935 508 2002 καὶ
525 1933 606 2012 τούς
627 1930 696 2020 άμα
723 1931 855 2010 τούτοις
873 1929 955 2010 τούς
973 1956 1100 2002 πεντα-
1126 1997 1132 2006 .

128 2040 321 2119 κισχιλίους.
349 2034 599 2123 παρηγγέλλετο
612 2032 651 2101 δὲ
668 2034 831 2122 Κρατέρῳ
844 2032 889 2119 μὴ
908 2031 1098 2120 πρόσθεν
1115 2048 1136 2097 4

132 2137 317 2222 διαβαίνειν
333 2134 395 2203 τόν
413 2134 521 2222 πόρον
539 2135 622 2221 πρὶν
639 2131 875 2220 ἀπαλλαγῆναι
893 2135 1018 2222 Πῶρον
1035 2132 1100 2213 ξύν

93 2265 119 2305 εο
132 2239 175 2322 τῇ
189 2236 331 2322 δυνάμει
350 2234 396 2314 ύς
418 2237 473 2304 ε’πὶ
489 2230 611 2322 σφᾶςῆ
630 2233 803 2322 φεύγοντα
820 2243 957 2320 μαθεῖν,
972 2233 1100 2315 αύτούς
1148 2237 1150 2240 ’

132 2336 170 2402 δέ
201 2339 383 2416 νικῶντας·
436 2332 480 2421 ἢν
514 2335 552 2404 δὲ
578 2336 679 2424 μέρος
712 2335 775 2422 μέν
800 2359 831 2402 τι
856 2339 915 2420 τῆς
943 2337 1101 2424 στρατιᾶς

132 2433 314 2524 άυαλαβύν
332 2440 455 2525 Πῶρος
484 2433 538 2505 ἐπ’
569 2435 626 2523 ἐμὲ
653 2434 733 2524 άγη,
759 2436 860 2524 μέρος
888 2435 930 2502 δέ
952 2461 984 2502 τι
1009 2434 1100 2504 ύπο-

132 2542 259 2624 λειφθῇ
286 2533 381 2628 αύτῷ
410 2538 466 2605 ἐπὶ
493 2536 722 2625 στρατοπέδου
748 2538 805 2604 καὶ
834 2535 1026 2623 ἐλέφαντες,
1053 2534 1098 2605 σύ

133 2635 170 2704 δὲ
196 2637 239 2720 δὴ
266 2637 323 2705 καὶ
350 2635 395 2716 ὣς
418 2639 531 2724 μένειν
549 2635 634 2706 κατά
653 2637 783 2726 χάραν·
820 2643 853 2706 εί
869 2629 1006 2715 δὲτούς
1026 2637 1101 2705 ἑλέ-

94 2766 121 2808 ε5
134 2762 263 2824 φαντας
282 2735 478 2835 ξύμπαντας
496 2737 565 2824 άμα
583 2732 619 2806 οἷ
634 2735 710 2822 άγέι
727 2739 850 2826 Πῶρος
870 2735 922 2806 ἐπ’
945 2733 1013 2824 ἐμέ,
1039 2741 1119 2825 τῆς

14 2871 15 2876 ’
133 2835 170 2904 δὲ
196 2835 298 2923 ἄλλης
324 2839 479 2926 στρατιᾶς
496 2835 715 2908 ὑπολείποιτό
732 2864 764 2905 τι
782 2839 837 2906 ἐπὶ
856 2838 1101 2926 στρατοπέδου,

130 2929 175 3006 ’σύ
202 2937 240 3005 δὲ
258 2942 444 3024 διαβαίνειν
462 2943 599 3028 σπουδῇ
609 2955 616 2970 ·
657 2943 693 3006 οί
707 2937 773 3026 γάρ
792 2939 971 3025 ἐλέφαντες
989 2938 1101 3026 μόνοι,

134 3043 208 3126 ἔφη,
235 3035 367 3126 ἄποροί
384 3045 471 3108 είσιν
497 3040 582 3128 πρὸς
607 3038 688 3119 τούς
709 3043 927 3126 ἐκβαίνοντας
955 3043 1100 3119 ἰ’ππους·

133 3137 152 3227 ἡ
178 3139 216 3208 δέ
242 3137 327 3227 άλλη
355 3138 492 3229 στρατιά
519 3139 674 3230 εὔπορος.

99 3270 123 3309 οι
213 3244 327 3310 Ταῦτα
352 3240 416 3328 μὲν
443 3241 606 3334 Κρατέρῳ
634 3240 828 3310 ἐνετέλλετο.
878 3242 915 3308 ἐν
941 3241 1032 3333 μέσφ
1059 3239 1098 3311 δὲ
1112 3250 1153 3316 12

135 3344 189 3428 τῆς
215 3341 321 3429 νήσου
347 3343 466 3410 τεκαὶ
492 3347 555 3410 τού
581 3342 729 3430 μεγάλου
758 3343 1008 3431 στρατοπέδου,
1043 3347 1102 3412 ἵνα
1293 3329 1294 3382 ¹

135 3441 224 3533 αὐτῷ
260 3443 430 3533 Κράτερος
465 3439 705 3531 ὑπολέλειπτο,
744 3441 942 3533 Μελέαγρός
976 3469 1012 3511 τε
1042 3443 1101 3512 καὶ
