2632 3922
204 169 271 234 255
384 227 386 232 ,
562 161 814 224 mmmm*

207 326 272 414 τὴν
289 323 398 413 ἄκραν
416 325 636 411 ξυνέφευγον.
667 321 886 412 Ἀλέξανδρος
903 322 965 411 μὲν
983 316 1048 392 οὖν
1066 323 1127 392 καί
1146 327 1191 394 οί

210 421 294 516 ἀμφ’
323 423 430 495 αύτδν
456 429 584 494 πυλίδα
610 423 684 493 τινά
709 430 968 510 κατασχίσαντες
994 429 1187 512 παρῆλθον

167 533 259 608 τείς
286 524 348 614 τὴν
375 524 473 595 πόλιν
499 524 586 593 πολδ
613 522 678 612 πρὸ
705 526 775 594 τῶν
800 523 929 593 ἄλλων·
962 528 998 592 οί
1021 523 1060 593 δὲ
1086 521 1184 612 ὁμοῦ

209 631 386 716 Περδίκκᾳ
399 625 592 711 τεταγμένοι
604 621 793 711 ὑστέρησαν
810 623 1075 712 ὑπερβαίνοντες
1089 624 1182 692 κατά

207 727 249 797 τά
266 735 358 814 τείχη
376 724 439 794 οὐκ
457 721 619 812 εύπετῶς,
645 721 728 793 ούδδ
744 720 804 804 τάς
822 731 985 811 κλίμακας
1003 729 1039 793 οί
1053 725 1209 793 πολλοίι

208 825 324 896 αὐτῶν
357 826 535 914 φέροντες,
567 823 617 893 ὅτι
648 825 830 893 ἑαλωκέναι
860 823 978 906 αάτοῑς
1010 822 1122 894 ἐδόκει
1154 823 1180 911 ἡ

209 924 317 1014 πόλις,
344 926 390 1007 ῶς
417 922 631 1013 ἐρημούμενα
654 929 723 992 τῶν
741 924 1005 1014 προμαχομένων
1021 925 1063 993 τά
1080 933 1178 1013 τείχη

203 1031 375 1097 κατεῖδον.
420 1019 468 1105 ῶς
495 1025 534 1093 δὲ
559 1017 581 1110 ἡ
607 1023 696 1114 ἀκρα
722 1022 862 1112 ἐχομένη
881 1026 966 1113 πρὸς
983 1030 1053 1094 τῶν
1071 1033 1178 1094 πολε-

207 1135 298 1216 μίων
323 1126 381 1195 καὶ
407 1126 474 1214 πρὸ
500 1123 628 1212 ταύτης
654 1126 849 1214 τεταγμένοι
866 1133 915 1206 εἰς
932 1125 971 1193 τὸ
999 1121 1179 1213 ἀπομάχε-

209 1237 292 1298 σθαι
316 1227 434 1296 πολλοὶ
466 1221 659 1314 ἐφάνησαν,
696 1223 848 1295 ένταύθα
873 1224 915 1311 δὴ
932 1223 935 1228 “
951 1230 988 1294 οί
1011 1225 1074 1313 μὲν
1104 1224 1178 1294 ύπ-
1194 1252 1223 1292 ιο

209 1327 416 1418 ορύσσοντες
434 1323 472 1396 τό
489 1339 609 1413 τεῖχος,
628 1329 664 1394 οί
681 1324 720 1394 δὲ
737 1327 918 1414 προσθέσει
935 1323 1001 1414 ὅπη
1020 1333 1180 1414 παρείκοι

208 1429 280 1496 τῶν
306 1427 476 1515 κλιμάκων
502 1425 686 1514 βιάσασθαι
702 1423 885 1515 ἐπειρῶντο
903 1434 952 1505 είς
969 1427 1032 1514 τὴν
1050 1424 1175 1515 ἀκραν.

170 1527 429 1614 θἈλέξανδρος
455 1527 505 1614 δέ,
532 1523 578 1605 ῶς
607 1524 784 1614 βλακεύειν
814 1523 910 1618 αύτῷ
935 1524 1078 1596 ἒδόκουν
1103 1532 1177 1596 τῶν

213 1627 427 1697 Μακεδόνων
463 1631 499 1694 οί
531 1625 690 1715 φέροντες
716 1624 777 1706 τάς
803 1633 986 1716 κλίμακας,
1019 1624 1186 1730 ἀρπάσαςο

211 1733 358 1816 κλίμακα
385 1725 461 1807 ἑνός
488 1731 558 1795 τῶν
584 1725 760 1814 φερόντων
786 1727 975 1816 προσέθηκε
1000 1732 1047 1819 τῷ
1073 1733 1177 1813 τείχει
1191 1755 1217 1794 15

214 1827 318 1909 αύτδς
344 1827 401 1896 καὶ
428 1828 577 1914 εἰληθεὶς
602 1824 671 1895 ἀπό
698 1827 742 1915 τῇ
760 1825 876 1896 ἀσπίδι
894 1825 1084 1916 ἀνέβαινεν·
1117 1825 1183 1896 ε’πὶ4

210 1928 249 1999 δὲ
276 1927 370 2020 αύτῷ
390 1919 582 2007 Πευκέστας
600 1924 617 1995 ὁ
636 1925 699 2014 τὴν
718 1925 814 2016 ίεράν
832 1927 959 1997 ἀσπίδα
977 1929 1102 2016 φέρων,
1129 1925 1175 2015 ἣν

211 2028 250 2098 ἐκ
275 2032 336 2098 τοῦ
365 2026 431 2096 νεῶ
449 2033 507 2114 τῆς
523 2026 668 2114 Ἀθηνᾶς
693 2033 752 2114 τῆς
766 2025 904 2107 Ἰλιάδος
924 2027 1038 2116 λαβῶν
1055 2025 1123 2116 ἀμα
1142 2023 1180 2097 οἷ

213 2127 303 2216 εἶχεν
327 2126 547 2214 Ἀλέξανδρος
573 2127 629 2195 καί
656 2126 720 2216 πρὸ
747 2126 853 2197 αύτοῦ
880 2124 1018 2215 ἐφέρετο
1044 2125 1082 2196 ἓν
1098 2143 1174 2208 ταῖς

212 2228 349 2316 μάχαις·
393 2225 449 2296 ἐπὶ
476 2226 514 2295 δέ
537 2226 648 2319 τούτῳ
666 2227 855 2308 Λεοννάτος
881 2227 978 2316 ἀνῄει
1002 2225 1084 2296 κατά
1110 2228 1173 2314 τὴν
1187 2254 1215 2296 εο

213 2326 323 2416 αὐτὴν
356 2335 501 2415 κλίμακα
534 2327 552 2394 ό
587 2327 847 2416 σωματοφύλαξ·
892 2327 976 2397 κατά
1003 2327 1042 2398 δέ
1067 2327 1173 2417 ἀλλην

213 2436 361 2516 κλίμακα
376 2426 513 2516 Ἀβρέας
530 2433 599 2496 τῶν
617 2433 809 2519 διμοιριτῶν
821 2456 870 2510 τις
888 2430 1172 2520 στρατευομένων.

171 2526 277 2615 4ἥδη
311 2555 346 2597 τε
379 2527 463 2616 πρὸς
495 2529 540 2616 τῇ
567 2527 699 2610 ἐπάλξει
724 2533 784 2600 τοῦ
811 2535 943 2617 τείχους
969 2527 988 2597 ό
1014 2529 1173 2619 βασιλεύς

210 2619 253 2715 ἦν
271 2629 328 2696 καὶ
351 2627 482 2716 ε’ρείσας
505 2625 560 2698 ἐπ’
580 2628 669 2716 αὐτῇ
687 2628 749 2719 τὴν
766 2629 993 2710 ἀσπίδα-τούς
1009 2630 1073 2718 μὲν
1091 2629 1173 2699 ῶθει

213 2738 293 2798 είσω
319 2734 382 2798 τού
407 2737 540 2820 τείχους
565 2734 634 2798 τῶν
656 2729 786 2816 Ἰνδῶν,
811 2728 894 2809 τούς
921 2729 959 2799 δὲ
984 2731 1041 2799 καὶ
1065 2731 1172 2800 αὐτοῦ
1185 2737 1212 2798 τί

212 2833 261 2922 τῷ
289 2831 378 2916 ξίφει
404 2829 605 2909 ἀποκτείνας
630 2831 839 2917 γεγυμνώκει
865 2828 903 2899 τό
921 2831 1028 2920 ταύτῃ
1047 2845 1172 2920 τεῖχος·

210 2931 269 3000 καί
297 2934 332 2998 οί
355 2927 562 3000 ὑπασπισταὶ
589 2925 779 3017 ὑπέρφοβοι
804 2932 979 3020 γενόμενοι
1005 2929 1093 3021 ὑπὲρ
1110 2935 1171 3001 τοῦ

209 3031 374 3117 βασιλέως
401 3034 537 3116 σπουδῇ
565 3027 758 3116 ῶθούμενοι
783 3030 868 3100 κατά
891 3031 954 3121 τὴν
971 3029 1080 3119 αύτὴν
1097 3040 1171 3102 κλί·

210 3155 300 3217 μακα
327 3137 566 3220 συντρίβουσιν
594 3127 713 3217 αύτήν,
748 3129 833 3200 ῶστε
865 3137 901 3202 οί
928 3132 992 3221 μὲν
1018 3131 1082 3220 ἤδη
1108 3131 1172 3201 ἀν-

211 3226 321 3308 ιόντες
348 3225 464 3299 αύτῶν
489 3227 580 3297 κάτω
611 3234 743 3320 ἔπεσον,
768 3246 839 3313 τοῖς
857 3231 895 3302 δὲ
913 3232 1025 3314 ἀλλοις
1044 3231 1208 3324 ἀπορονω
1288 3293 1289 3310 ,

211 3325 374 3415 ἐποίησαν
400 3329 460 3416 τὴν
487 3327 620 3398 ἀνοδον.

170 3445 193 3494 ο
286 3427 505 3519 Ἀλέξανδρος
532 3427 569 3498 δὲ
589 3422 635 3509 ῶς
654 3429 709 3499 ἐπὶ
727 3437 789 3500 τού
807 3437 940 3518 τείχους
958 3430 1038 3513 στάς
1062 3433 1177 3526 κύκλῳ
