2572 3920
204 118 248 183 40
561 119 813 178 ΑΛΕΞΑΝΔΡΟῬ

206 281 281 348 σαν,
307 255 361 329 οἷα
385 259 427 347 δὴ
450 257 513 330 οὐκ
537 257 594 330 ἐπὶ
618 266 816 350 πολιορκίαν
834 259 997 348 σταλέντι,
1025 256 1101 328 ἀλλ’
1123 258 1174 340 οδς

205 359 262 432 ἐπὶ
287 366 453 452 προδοσίᾳ
479 357 697 450 ἐνδιδομένης
722 367 781 449 τῆς
808 359 949 448 πόλεως,
974 359 1173 450 προσήγαγε

205 463 261 530 καὶ
286 459 331 541 δός
355 467 424 531 τῶν
447 461 659 532 Μακεδόνων
683 459 745 549 την
768 461 943 550 φάλαγγα,
967 460 1172 550 ὑπορύττειν

205 562 367 644 κελεύσας
390 561 428 632 τὸ
453 577 569 651 τεῖχος.
612 564 668 632 καί
687 565 747 631 ἕνα
764 589 804 648 γε
827 561 961 652 πόργον
984 563 1172 648 κατέβαλον

171 668 241 732 voc
262 663 479 744 Μακεδόνες·
515 660 555 732 οὐ
586 665 700 752 μέντοι
732 662 908 752 ἐγύμνωσέ
931 690 969 749 γε
995 661 1032 731 τό
1060 679 1171 750 τεῖχος
1198 697 1212 739 ς

206 763 333 834 πεσόν·
353 765 410 832 καὶ
427 769 463 834 οί
478 766 591 851 ἕκτης
609 764 738 846 πόλεως
753 763 822 853 ἅμα
840 762 1017 854 εὐρώστως
1036 761 1170 851 άμννό··

205 891 300 953 μενοι
313 866 369 934 καὶ
384 867 420 934 ἐκ
432 869 491 952 τῆς
507 862 770 954 Ἁλικαρνασσοῦ
787 863 871 934 κατά
887 864 1066 934 θάλασσαν
1083 874 1170 934 πολ-

205 967 258 1035 λοὶ
294 964 360 1054 ἤδη
396 965 731 1054 παραβεβοηθηκότες
770 964 898 1055 άπορον
930 968 1090 1052 έποίησαν
1119 970 1170 1057 τῷ

201 1063 411 1159 Ἀλεξάνδρςο
441 1065 502 1153 τὴν
528 1065 745 1156 αὐτοσχέδιόν
776 1093 812 1136 τε
844 1067 902 1136 καὶ
929 1068 962 1150 ἐξ
990 1068 1170 1156 ἐπιδρομῆς

205 1167 390 1256 κατάληψιν
416 1172 474 1254 της
499 1167 659 1239 Μύνδου.
697 1166 786 1238 οὕτω
803 1167 866 1256 μέν
892 1166 933 1254 δη
956 1167 1169 1256 ἐπανέρχεται
1182 1201 1209 1242 ιο

201 1266 421 1356 Ἀλέξανδρος,
432 1265 536 1337 οὐδέν
553 1268 680 1357 πράξας
699 1261 748 1338 ὧν
763 1271 861 1338 ἕνεκα
876 1265 1034 1358 ιδρμήθη,
1049 1269 1109 1336 καὶ
1125 1273 1169 1358 τῇ
1253 1325 1255 1330 .

206 1375 382 1459 πολιορκίᾳ
399 1375 458 1456 τῆς
472 1363 736 1458 Ἁλικαρνασσοῦ
754 1361 856 1450 αὖθις
874 1383 1040 1458 προσεῖχε.

171 1482 188 1532 8
282 1470 351 1538 Καὶ
368 1468 408 1537 τά
426 1475 542 1557 πρῶτα
557 1469 620 1557 μέν
633 1469 695 1557 τὴν
708 1469 837 1559 τάφρον
851 1467 872 1557 ἢ
886 1465 951 1560 πρό
965 1475 1024 1558 τῆς
1041 1469 1168 1550 πόλεως

204 1565 379 1659 ὀρώρυκτο
407 1565 522 1652 αὐτοῖς
529 1623 539 1657 ,
576 1569 698 1651 πλόκος
728 1571 791 1658 μὲν
821 1569 998 1659 τριάκοντα
1026 1569 1168 1658 μάλιστα

204 1669 357 1759 πήχεων,
383 1669 490 1758 βάθος
515 1671 554 1740 δὲ
576 1673 609 1752 ές
629 1675 885 1758 πεντεκαίδεκα,
913 1668 1078 1759 ἔχω’ννυε,
1104 1677 1167 1740 τοῦ
1181 1703 1206 1746 ιε

206 1774 331 1861 ῥᾳδίαν
357 1769 442 1840 εἶναι
464 1769 527 1860 την
554 1771 780 1862 προσαγωγὴν
806 1777 874 1841 τῶν
891 1798 927 1842 τε
944 1771 1085 1861 πόργων
1103 1769 1165 1860 ἀφ’

205 1864 255 1940 (δν
265 1870 470 1961 έμελλετοός
483 1870 749 1963 ἀκροβολισμούς
764 1872 883 1954 ἐςτούς
893 1873 1167 1962 προμαχομένους

204 1979 266 2041 τοῦ
284 1979 415 2062 τείχους
432 1984 601 2044 ποιεῖσθαι
618 1976 675 2044 καί
697 1979 768 2044 ταῖν
792 1972 906 2043 ἄλλων
928 1979 1089 2062 μηχανῶν
1113 1968 1167 2054 αἷς

204 2080 390 2142 κατασείειν
409 2073 538 2143 ἐπενόει
554 2073 592 2143 τό
609 2089 727 2162 τεῖχος.
762 2075 819 2142 καὶ
836 2073 858 2162 ἥ
874 2101 910 2144 τε
926 2073 1051 2164 τάφρος
1074 2071 1166 2165 αὐτῷ

205 2172 337 2260 ἔχω’σθη
355 2171 396 2242 οό
415 2181 567 2262 χαλεποῖς
591 2175 647 2244 καλ
671 2179 707 2244 οί
722 2173 846 2264 πόργοι
865 2174 1074 2264 προσήγοντο
1091 2173 1165 2262 ἤδη.
1179 2209 1205 2250 τι

119 2317 123 2326 »
170 2277 241 2342 θοί
257 2273 294 2342 δέ
313 2275 349 2342 έκ
366 2279 424 2361 της
434 2272 697 2364 Ἁλικαρνασσοῦ
715 2275 838 2356 νυκτός
857 2275 1095 2364 ἐκδραμόντες,
1123 2273 1167 2358 ιδς

206 2375 372 2463 ἐμπρῆσαι
395 2373 475 2454 τοός
499 2401 536 2444 τε
558 2375 711 2465 πόρνους
735 2377 793 2445 καὶ
814 2375 890 2446 ὅσαι
901 2375 1006 2446 Αάλλαι
1021 2377 1167 2465 μηχαναὶ

154 2511 166 2531 ·
204 2475 433 2563 προσηγμέναι
446 2472 467 2563 ἢ
482 2473 522 2545 οό
537 2475 653 2567 πόρρω
666 2483 728 2548 τοῦ
741 2476 971 2566 προσάγεσθαι
983 2469 1081 2565 ἦσαν,
1099 2475 1166 2547 ὑπό

203 2581 272 2644 τῶν
290 2581 453 2664 φυλακῶν
474 2603 510 2646 τε
532 2583 601 2646 τῶν
622 2577 833 2650 Μακεδόνων
856 2579 913 2648 καὶ
930 2576 1002 2648 ὅσοι
1021 2581 1058 2648 έν
1076 2577 1167 2669 αὐτῷ

203 2681 251 2767 τῷ
279 2682 366 2769 ἔργω
400 2679 630 2767 ἐξεγερθέντες
661 2676 922 2768 παρεβοήθησαν
951 2677 992 2747 οὐ
1017 2681 1165 2766 χαλεπός
1178 2712 1205 2753 25

153 2789 187 2838 10
207 2785 495 2866 κατεκλείσθησαν
520 2784 567 2860 είς
593 2777 633 2848 τοὶ
660 2786 751 2868 τείχη
775 2772 885 2859 αὖθις.
920 2780 976 2848 καί
994 2773 1167 2848 άπέθανον

204 2875 320 2948 αὐτῶν
333 2877 428 2948 άλλοι
445 2905 481 2948 τε
495 2881 528 2960 ές
543 2881 771 2969 ἑβδομήκοντα
791 2881 847 2949 καὶ
868 2878 986 2950 ἑκατόν
1003 2880 1062 2949 καὶ
1076 2890 1166 2951 Neo·
1207 2933 1211 2944 .

204 2977 366 3068 πτόλεμος
385 2977 403 3050 ὁ
418 2977 638 3070 Ἀρραβαίου,
657 2985 715 3050 τοῦ
732 2976 898 3070 Ἀμύντου
917 2976 1083 3069 άδελφός,
1100 2985 1168 3050 τοῖν

203 3077 294 3168 παρὰ
312 3093 463 3165 Δαρείου
477 3076 794 3169 αὐτομολησάντων·
813 3088 882 3152 τῶν
896 3079 929 3150 δ’
946 3079 1167 3170 Ἀλεξάνδρου

205 3185 415 3267 στρατιωτῶν
432 3178 606 3250 άπέθανον
623 3181 687 3270 μὲν
706 3185 739 3264 ές
758 3184 949 3270 ἑκκαίδεκα,
968 3189 1167 3272 τραυματίαι
1179 3215 1204 3257 σο

203 3278 241 3348 δὲ
260 3281 415 3366 ἐγένοντο
435 3283 468 3364 ές
486 3290 717 3372 τριακοσίους,
741 3283 792 3354 ότι
817 3286 854 3353 ἐν
871 3284 971 3354 νυκτὶ
987 3285 1167 3372 γενομένης

200 3385 260 3468 τῆς
272 3383 437 3473 ἐκδρομῆς
451 3380 717 3476 άφυλακτότεροι
728 3388 761 3466 ἐς
774 3384 811 3454 τδ
822 3384 1062 3477 τιτρωσκεσθαι
1071 3377 1168 3472 ἦσαν.
