2632 3922
486 201 673 255 καλειται·
689 203 716 268 ο,
732 204 758 254 ο.
1039 199 1106 265 247

135 359 230 441 ὅπως
256 363 292 429 οί
314 357 450 448 μάντεις
478 359 668 448 ἐξηγούντο.
703 359 762 427 καὶ
789 355 908 444 ἐπιβάς
934 360 993 444 τῆς
1018 356 1106 440 νεός

138 458 206 530 άπδ
232 464 292 583 της
311 458 449 552 πρηόρας
474 461 511 528 ἐκ
529 464 655 548 χρυσῆς
673 457 794 548 φιάλης
813 463 975 527 ἔσπενδεν
994 458 1080 539 ἐς
1044 485 1106 529 τον

139 562 310 652 ποταμόν,
341 559 403 629 τόν
436 585 472 630 τε
495 557 670 646 Ἀκεσίνην
701 559 1025 646 ξυνεπικαλούμενος
1055 585 1105 654 τφ

135 655 346 750 Τδάσπη,“
325 687 442 730 ουτινα
466 662 622 748 μέγιστον
650 649 791 748 [αύ]το”ιν
816 657 930 728 ἄλλων
945 665 1107 748 ποταμοῖν

106 760 342 850 εξυμβάλλειν
373 763 420 854 τῷ
443 754 592 850 ’λδάσπη
626 761 793 830 ἐπέπυστο
824 758 883 840 καὶι
914 757 956 828 ού
989 759 1107 850 πόρρω

138 858 255 932 αὐτῶν
273 858 415 930 εἶναι
377 887 437 942 τας
451 857 634 949 ξυμβολάς,
650 859 708 929 καὶ
726 861 787 930 τὸν
798 854 919 948 Ἰνδόν,
939 859 1010 939 ἐς”
991 886 1107 929 οντιυα

138 959 157 1030 6
174 959 346 1048 Ἀκεσίνης
364 959 428 1042 ξύν
444 967 493 1052 τῷ
509 959 658 1050 ’Ίδάσπη
678 959 840 1049 ἐμβάλλει.
869 960 925 1028 ἐπὶ
946 957 985 1028 δὲ
1003 955 1107 1049 Ἡρα-

138 1070 216 1132 κλεί
237 1087 274 1131 τε
298 1066 346 1152 τῷ
363 1060 548 1150 προπάτορι
566 1068 707 1141 σπείσας
724 1059 1019 1150 καλ”Αμμωνι.καλ
1036 1073 1107 1142 τοϊς
1124 1088 1142 1138 2

140 1161 254 1242 άλλοις
270 1171 367 1242 θεοῖς
384 1161 475 1242 όσοις
493 1160 588 1252 αύτῷ
602 1161 705 1250 νόμος
719 1163 864 1250 σημῆναι
878 1163 911 1240 ἐς
926 1156 1109 1248 άναγωγὴν

97 1291 128 1332 ιο
141 1262 269 1332 κελεύει
284 1267 328 1352 τῇ
346 1261 514 1350 σάλπιγγι.
554 1261 623 1350 άμα
640 1287 676 1341 τε
695 1261 736 1350 66
757 1261 929 1358 ἐσημάνθη
947 1261 1004 1330 καί
1021 1259 1107 1349 άνή·

141 1389 241 1450 γοντο
268 1365 306 1432 ἐν
331 1361 458 1456 κόσμῳ.
503 1361 714 1451 παρήγγελτο
740 1363 805 1450 γάρ
824 1360 878 1448 ἐφ’
906 1359 996 1431 ὅσων
1014 1387 1050 1431 τε
1067 1361 1109 1430 τδι

142 1463 335 1553 σκευοφόρα
360 1472 462 1533 πλοῖα
490 1466 603 1551 ἐχρῆν
617 1461 775 1550 τετάχθαι
796 1463 854 1530 καὶ
874 1457 929 1550 ἐφ’
957 1460 1049 1531 ὅσων
1065 1459 1108 1530 τά

143 1563 342 1651 ἱππαγωγά,
376 1561 429 1652 ἐφ’
459 1561 551 1633 ὅσων
575 1589 612 1632 τε
636 1563 696 1644 τδις
713 1569 887 1686 μαχίμους
912 1565 983 1632 τάν
1008 1563 1110 1650 υεοΞν,

144 1662 190 1744 οἱς
215 1662 261 1752 μὴ
288 1671 491 1754 συμπίπτειν
518 1660 678 1751 ἀλλήλαις
703 1661 788 1733 κατά
815 1661 877 1732 τόν
902 1662 1011 1750 πόρον
1035 1667 1110 1748 είκῆ

100 1791 132 1834 τε
145 1763 328 1844 πλεούσας
368 1765 426 1833 καὶ
451 1777 525 1844 ταῖς
557 1763 848 1852 ταχυναυτούσαις
874 1762 1020 1850 φθάνειν
1045 1761 1111 1832 ούκ
1171 1761 1181 1778 “
1226 1792 1233 1798 ·

146 1869 256 1954 ἐφίετο
282 1866 351 1946 ἐξω
383 1867 442 1952 τῆς
474 1863 607 1944 τάξεως.
653 1857 698 1951 ἦν
729 1861 814 1933 δδ”
794 1893 812 1932 ο
838 1889 875 1932 τε
900 1862 1025 1943 κτύπος
1051 1867 1145 1948 τηςς

145 1972 291 2055 είρεσίας
309 1963 428 2034 ούδενλ
446 1963 538 2056 άλλῳ
557 1963 684 2050 εὀικάς,
711 1961 768 2033 άτε
785 1961 850 2032 άπδ
869 1968 1005 2032 πολλάν
1022 1969 1112 2032 νεῶν

147 2069 185 2136 ἐν
210 2059 324 2158 τούτῷ
352 2065 595 2154 ἐρεσσομένων,
626 2065 683 2134 καὶ
715 2063 777 2151 βοὴ
805 2062 871 2132 άπό
895 2089 933 2134 τε
957 2068 1027 2132 τόν
1052 2089 1112 2132 κε-

146 2172 300 2237 λευστῶν
329 2165 532 2236 ἐνδιδόντων
557 2163 618 2244 τάς
643 2163 749 2254 άρχάς
770 2191 807 2233 τε
831 2163 889 2232 καὶ
914 2162 1113 2244 άναπαύλας

103 2294 134 2334 ευ
147 2294 206 2354 της
234 2273 341 2354 είρίεσ
340 2295 379 2346 ας
326 2267 463 2336 κίαὶ
488 2271 557 2334 τάν
584 2257 752 2354 ἐρετων“
735 2263 836 2334 οπότε
861 2261 984 2353 άθρόοι
1011 2267 1113 2350 ἐμπί-

145 2392 284 2447 πτοντες
301 2394 348 2460 ιφ
333 2369 477 2486 ’ῥοθίφ
496 2366 752 2448 ἐπαλαλάξειαν·
780 2371 869 2436 αἵτε
887 2361 999 2452 ὄχθαι,
1016 2359 1110 2488 666-
1208 2452 1212 2459 Ι

146 2468 278 2556 λότεραι
302 2472 372 2536 τῶν
395 2473 485 2536 νεῶν
502 2472 653 2586 πολλαχῆ
670 2458 784 2556 ούσαι,
811 2468 844 2547 ἐς
862 2465 982 2534 στενόν
999 2493 1035 2534 τε
1051 2466 1114 2552 τὴν

146 2565 231 2653 βοὴν
258 2567 475 2654 ξυνάγουσαι,
501 2568 559 2636 καὶ
576 2592 618 2656 τη
604 2569 818 2656 ξυναγωγῇ
846 2564 934 2656 αύτῇ
956 2563 1012 2634 ἐπὶ
1027 2565 1114 2653 μέγα

147 2666 338 2754 ηὐξημένην
373 2669 406 2748 ἐς
440 2666 587 2754 άλλήλας
613 2664 843 2755 άντέπεμπον,
879 2672 941 2734 καί
964 2691 1030 2734 που
1057 2666 1115 2734 καλ

5 2781 7 2790 ’
105 2799 135 2840 τι
148 2766 253 2836 νάπαι
281 2767 487 2855 ἑκατέρωθεν
512 2771 575 2834 τοῦ
602 2771 754 2854 ποταμοῦ
780 2771 823 2854 τῇ
849 2791 884 2835 τε
911 2769 1032 2855 ἐρημία
1057 2766 1114 2832 καὶ

148 2869 190 2956 τῇ
218 2861 415 2954 άντιπέμψει
446 2871 514 2935 τού
534 2864 666 2934 κτύπου
698 2865 756 2934 καὶ
782 2859 879 2935 αὗται
904 2865 1116 2953 ξυνεπελάμ-

147 2975 272 3057 βανον·
299 2972 336 3036 οἵ
354 2993 391 3036 τε
409 2972 505 3036 ἵπποι
521 2966 774 3054 διαφαινόμενοι
800 2966 855 3035 διά
873 2969 943 3034 τοῖν
960 2970 1152 3052 cunam-4

149 3071 223 3155 γῶν
241 3073 381 3155 πλοίων,
407 3064 450 3136 ού
468 3066 622 3156 πρόσθεν
648 3073 744 3136 ἵπποι
771 3067 826 3136 ἐπὶ
843 3071 932 3136 υεοῑν
949 3065 1116 3154 ὀφθέντες

152 3171 190 3238 ἐν
216 3171 258 3258 τῇ
281 3167 399 3238 Ἰνδῶν
425 3173 470 3258 γῇ
497 3165 570 3256 (καὶ
595 3167 661 3256 γάρ
687 3169 744 3236 καλ
770 3166 831 3236 τόν
857 3166 1031 3240 Διονύσου
1060 3165 1113 3236 ἐπ’

109 3267 277 3350 οοἸνδούς
311 3267 432 3338 στόλον
457 3265 521 3338 ούκ
549 3268 710 3357 ἐμέμνητο
736 3270 896 3354 γενέσθαι
927 3264 1118 3356 ναυτικόν),

154 3371 311 3456 ἔκπληξιν
336 3383 499 3458 παρεῖχον
524 3383 595 3448 τοϊς
620 3368 803 3457 θεωμένοις
828 3373 898 3438 τῶν
923 3367 1118 3456 βαρβάρων,

153 3467 237 3539 ὥστε
263 3473 298 3538 οί
321 3470 385 3558 μὲν
417 3469 533 3570 μύτοῖν
565 3467 715 3539 αύτόθεν
746 3473 788 3559 τῇ
821 3463 982 3558 άναγωγῇ
1008 3491 1117 3557 παρα·
