2572 3920
450 147 635 200 ιυιειωε
654 149 684 214 1,
702 149 745 201 τι.
1033 147 1075 212 47

107 291 165 374 τῆς
183 291 290 355 ἵππου
309 281 463 374 ἄρχοντα.
502 280 546 375 ἦν
562 287 627 376 μέν
644 287 686 376 δὴ
705 285 723 358 ό
739 287 957 380 Ἀλέξανδρος
976 280 1076 370 οῦτος

15 431 20 435 -
107 385 254 475 ἀδελφός
267 385 470 477 Ἡρομένους
493 414 530 457 τε
553 390 611 457 καὶ
625 387 825 480 Ἀρραβαίου
849 395 919 460 νῦν
937 393 1074 473 ξυνεπι-

107 488 283 576 λαβόντων
300 494 359 575 τῆς
373 493 504 576 σφαγῆς
516 494 575 577 τῆς
590 498 776 561 Φιλίππου·
804 491 861 560 καὶ
873 488 951 560 τότε
963 497 1075 560 αἰτίαν
1092 505 1109 554 2
1171 543 1173 547 .

107 589 231 679 σχόντα
257 586 364 658 αῦτόν
386 587 602 679 Ἀλέξανδρος
626 586 775 679 άφῆκεν,
807 588 857 660 ὅτι
876 595 913 662 έν
931 592 1075 680 πρώτοις
1219 589 1228 615 “

82 714 141 760 ετε
160 689 302 779 άφίκετο
319 695 387 759 τεόν
406 697 517 779 φίλων
536 687 621 780 παρ’·
637 689 755 780 αὐτόν,
776 691 889 780 ἐπειδὴ
909 700 1075 773 Φίλιππος

107 791 318 879 ἐτελεύτησε,
346 792 402 860 καὶ
419 790 480 861 τόν
497 791 640 879 θώρακα
658 792 758 874 ένδῦς
776 793 1076 881 συνηκολούθησεν

107 890 202 984 αύτῷ
221 898 270 972 είς
287 891 328 961 τά
344 899 513 980 βασίλεια·
546 892 690 981 ῦστερον
708 893 747 962 δὲ
764 894 821 962 καὶ
841 897 878 964 έν
895 900 973 984 τιμῇ
992 891 1072 982 ἀμφ’

107 991 216 1062 αῦτόν
240 991 324 1081 εἶχε,
352 993 539 1082 στρατηγόν
561 1020 597 1062 τε
621 995 676 1062 έπὶ
703 994 838 1085 Θρᾴκης
862 1001 994 1075 στείλας
1019 994 1075 1062 καὶ

108 1090 223 1180 ἐπειδὴ
242 1093 358 1174 Κάλας
376 1091 395 1163 ὁ
412 1099 481 1162 τῶν
500 1100 677 1164 Θετταλῶν
694 1099 859 1184 ἵππαρχος
877 1096 932 1164 ἐπὶ
950 1116 1075 1182 σατρα-

72 1221 95 1260 ιο
107 1201 187 1284 πείᾳ
202 1195 406 1283 ἐξεπέμφθη,
424 1191 531 1264 αῦτόν
549 1193 722 1276 ἀπέδειξεν
739 1191 855 1284 ἄρχειν
867 1201 927 1283 τῆς
943 1205 1074 1265 Θεσσα-

106 1301 200 1384 λικῆς
218 1299 336 1365 ἵππου.
369 1294 410 1364 τά
428 1295 467 1364 δέ
483 1301 544 1382 τῆς
564 1297 742 1383 ἐπιβουλῆς
761 1294 946 1384 ἐξηγγέλθη
961 1289 1036 1364 ὦδε.
1096 1329 1100 1337 ·

184 1408 349 1485 Δαρεῖος,
389 1394 504 1484 ἐπειδὴ
533 1394 697 1485 Ἀμύντας
728 1394 961 1485 αῦτομολήσας
992 1393 1109 1484 παρ’3

94 1495 215 1582 ,αῦτόν
229 1497 351 1584 λόγους
364 1498 404 1566 τέ
416 1524 509 1578 τινας
525 1498 583 1566 καὶ
600 1497 777 1588 γράμματα
794 1495 885 1583 παρά
903 1503 964 1568 τοῦ
979 1493 1075 1567 Ἀλε-

108 1598 256 1688 ξάνδρου
280 1597 404 1667 τούτου
423 1595 571 1686 ἐκόμισε,
597 1599 804 1688 καταπέμπει
821 1597 878 1668 ἐπὶ
895 1599 1075 1668 θάλασσαν

74 1723 95 1763 ιι
109 1705 273 1786 Σισίνην,
310 1695 420 1788 ἄνδρα
433 1700 583 1788 ’Πέρσην
614 1704 683 1770 τάν
706 1697 790 1788 ἀμφ’
818 1697 926 1768 αῦτόν
946 1698 1076 1784 πιστόν,

108 1799 282 1888 πρόφασιν
298 1799 362 1887 μὲν
378 1799 470 1888 παρά
482 1797 635 1886 Ἀτιζύην
651 1797 711 1870 τὸν
726 1806 878 1886 Φρυγίας
892 1799 1076 1885 σατράπην,

108 1907 151 1991 τῇ
177 1901 216 1970 δὲ
240 1895 384 1992 άληθείηι
408 1906 456 1992 τῷ
479 1898 688 1994 Ἀλεξάνδρῳ
713 1899 823 1994 τούτῳ
848 1899 1077 1987 συνεσόμενον

108 2003 167 2070 καὶ
190 2008 317 2082 πίστεις
342 2001 513 2089 θύσοντα,
541 2007 574 2071 εί
596 1997 815 2072 ἀποκτείνειε
822 2000 962 2090 βασιλέα
982 1998 1075 2070 Ἀλέ-

110 2106 274 2192 ξανδρον,
312 2101 419 2173 αῦτόν
448 2103 584 2190 βασιλέα
616 2101 834 2190 καταστήσειν
859 2106 1076 2180 Μακεδονίας

76 2229 98 2270 νο
111 2205 167 2272 καὶ
201 2209 343 2293 χρυσίου
367 2202 514 2275 τάλαντα
539 2203 625 2290 πρός
651 2209 693 2294 τῇ
718 2207 871 2293 βασιλείᾳ
897 2199 1076 2272 ε’πιδάσειν

109 2313 209 2394 χίλια.
241 2301 259 2374 ό
284 2304 323 2374 δὲ
341 2311 482 2393 Σισίνης
500 2303 604 2385 ἁλούς
621 2303 705 2393 πρός
723 2307 964 2393 Παρμενίωνος
988 2305 1076 2389 λέγει
1093 2317 1112 2366 4

110 2407 195 2494 πρός
213 2415 441 2494 Παρμενίωνα
459 2398 508 2474 οἷν
533 2408 630 2474 ἕνεκα
655 2403 838 2492 άπεστάλη·
874 2404 932 2472 καὶ
954 2409 1077 2472 τοῦτον

111 2505 234 2576 αὐτίκα
265 2504 302 2576 ἐν
331 2511 468 2596 φυλακῇ
501 2506 624 2594 πέμπει
648 2513 852 2595 Παρμενίων
875 2498 956 2593 παρ’
982 2499 1076 2574 Ἀλέ·

111 2611 270 2697 ξανδρον,
288 2609 346 2675 καὶ
355 2605 565 2683 πυνθάνεται
578 2603 684 2674 ταῦτά
697 2604 778 2695 παρ’
794 2603 902 2676 αῦτοῦ
918 2603 1076 2685 Ἀλέξαν-

75 2735 98 2775 ιι
111 2715 200 2798 δρος.
233 2706 437 2794 σνναγαγῦν
455 2707 494 2776 δὲ
509 2705 591 2787 τοῦς
608 2713 731 2794 φίλους
748 2705 877 2794 βουλὴν
898 2703 1078 2794 προῦτίθει

111 2809 131 2878 ὅ
148 2837 178 2878 τι
195 2807 258 2896 χρη
276 2807 365 2898 ῦπέρ
380 2804 600 2894 Ἀλεξάνδρου
618 2813 756 2894 γνῦναι.
791 2807 848 2875 καὶ
871 2804 980 2874 ε’δόκει
1005 2819 1112 2885 τοϊςσ

113 2911 255 2998 ἑταίροις
280 2909 364 2997 μήτε
385 2906 488 2978 πάλαι
511 2901 551 2996 εὖ
574 2912 823 2996 βεβουλεῦσθαι
844 2904 882 2976 τό
900 2904 1077 2994 κράτιστον

111 3015 171 3080 τοῦ
207 3013 347 3078 ἱππικοῦ
379 3006 481 3098 άνδρλ
514 3006 555 3078 ού
582 3014 688 3102 πιστῷ
716 3005 911 3096 ἐπιτρέψας,
949 3011 1017 3074 νῦν
1041 3033 1078 3076 τε

112 3117 231 3200 χρῆναι
255 3107 361 3179 αῦτδν
383 3109 465 3178 κατά
488 3108 587 3196 τάχος
612 3106 767 3180 ἕκποδοδν
792 3117 969 3194 ποιεῖσθαι,
995 3107 1078 3196 πρὶν

79 3213 168 3280 υκαλ
198 3209 472 3298 ἐπιτηδειότερον
490 3208 673 3296 γενόμενον
702 3224 772 3290 τοϊς
803 3216 980 3288 Θετταλοῖς
1013 3208 1076 3289 ξῦν

114 3309 229 3392 αῦτοῑς
246 3337 278 3380 τι
290 3317 492 3400 νεωτερίσαι.
518 3315 579 3378 καί
588 3337 619 3377 τι
631 3311 687 3378 καὶ
701 3321 797 3378 θεῖον
811 3305 926 3397 ε’φόβει
939 3305 1074 3385 αύτούς.
1092 3319 1111 3367 6

115 3419 159 3482 ἔτι
182 3411 247 3500 γάρ
272 3417 530 3514 πολιορκοῦντος
554 3404 661 3479 αῦτοῦ
681 3409 901 3498 Ἀλεξάνδρου
921 3400 1074 3492 Ἀλικαρ·
