2632 3922
473 167 660 220 Αωιειειε
677 171 704 234 4,
722 171 764 222 τι.
1039 171 1100 236 187

129 320 180 392 διν
197 321 295 392 άλλαι
312 321 423 403 πόλεις
440 323 486 411 μὴ
507 324 643 392 ἑκοῦσαι
656 329 876 414 προσχωρῶσι
888 327 946 394 καλ
960 327 1001 395 τά
1015 329 1100 396 κατδι

129 423 197 512 τὴν
221 423 336 513 χῶραν
360 420 451 503 ὅπως
475 423 737 514 ξυμφορώτατον
756 428 789 506 ἐς
806 426 848 494 τδι
867 426 1016 515 παρόντα
1039 455 1100 496 κο-

137 537 249 612 σμεῖν.

213 619 330 705 Αάτδς
349 621 445 712 δι’,”
422 651 516 747 μγωυ
541 622 623 705 τοός
640 623 855 707 ὑπασπιστάς
878 653 914 696 τε
937 627 995 696 καί
1018 655 1098 709 τους
1109 628 1153 692 24

103 723 275 806 ετοξότας
297 725 353 793 καλ
371 723 452 805 τοδς
467 723 644 815 Ἀγριᾶνας
668 727 785 796 καλ
748 753 811 813 την
829 735 958 797 Κοίνου
983 755 1019 798 τε
1043 730 1101 797 καὶ

134 823 297 896 Ἀττάλου
324 825 417 914 τάξιν
437 827 587 894 παλτῶν
613 827 801 896 ίππίων
766 855 804 896 το
829 825 940 916 άγημα
957 832 1101 899 καὶτῶν

136 924 252 995 ἄλλων
278 927 422 1013 ἑταίρων
437 928 480 1006 ’ἐς
496 928 660 1014 τέσσαρας
678 928 820 1015 μάλιστα
839 934 1021 1052 ἱππαρχίας
1044 932 1102 998 καί

135 1031 208 1094 τῶν
228 1029 456 1109 ἱπποτοξοτῶν
470 1025 555 1152 τοδς
571 1026 616 1115 ἡμ
620 1034 722 1116 ίσειις,
742 1027 788 1108 ῶς
803 1028 911 1097 ἐπὶ
875 1055 936 1098 του
950 1029 1103 1118 ποταμόν

136 1125 199 1196 τδυ
210 1125 375 1196 Εόάσπλα
389 1125 591 1218 προόχῶρει,
607 1133 664 1197 ἵνα
679 1129 696 1196 6
711 1133 779 1197 τῶν
783 1128 1013 1198 ΜἈσπασίων
988 1155 1102 1220 υπαρ-

95 1253 125 1292 ιο
138 1254 195 1315 χος
212 1217 271 1312 ἦν·
299 1230 357 1297 καὶ
375 1227 521 1298 διελθῶυ
544 1229 674 1316 πολλὴν
698 1227 782 1298 όδδν
806 1233 1000 1319 δευτεραῖος
1018 1228 1100 1318 άφί-

137 1355 214 1396 κετο
238 1327 323 1417 πρὸς
346 1327 409 1415 τὴν
432 1329 542 1400 πόλιν.
582 1333 660 1398 οίδ
662 1328 864 1419 λβάρβαροι
888 1331 1137 1419 προσάγονται

138 1457 161 1498 α
164 1428 337 1516 λαθόμενοι
340 1427 563 1518 Ἀλέξανδρον
575 1429 851 1518 ἐμπρησάντες
816 1457 878 1517 την
887 1431 985 1499 πόλιν
998 1437 1103 1519 ἔφευ·

138 1557 203 1616 γον
221 1531 307 1618 πρὸς
331 1530 373 1598 τά
398 1528 470 1619 όρη.
515 1536 552 1599 οί
571 1529 609 1600 δὲ
627 1529 715 1656 άμφ’
732 1529 955 1656 Ἀλέξανδρον
973 1541 1104 1618 εἴχοντο

139 1635 209 1698 τῶν
227 1630 428 1716 φευγόντων
448 1637 521 1700 ἔστε
539 1630 655 1700 ίπλ
617 1658 658 1700 τα
677 1629 757 1719 ὅρη,
783 1631 841 1700 καὶ
865 1632 971 1719 φόνος
996 1631 1104 1712 πολδς

100 1739 179 1818 ιεγί
178 1757 292 1816 γνεται
316 1733 386 1799 τῶν
408 1731 609 1822 βαρβάρων,
642 1733 725 1820 πρὶν
752 1735 785 1810 ἐς
817 1732 877 1812 τάς
910 1737 1103 1834 δυσχωρίας

140 1832 273 1919 φθάσαι
298 1830 519 1956 ἀπελθόντας.

224 1932 292 2004 Τόν
306 1932 378 2002 δε
357 1933 509 2022 ηγεμόυα
525 1933 629 2002 αὐτὸν
642 1937 711 2002 τῶν
724 1933 831 2022 ταύτῃ
842 1932 960 2004 Ινδῶν
973 1942 1103 2006 Πτολε·
1120 1952 1138 2003 3

140 2051 238 2125 ματος
256 2033 274 2102 ο
297 2033 414 2122 Λάγου
433 2033 518 2118 πρός
535 2059 599 2103 τινι
614 2033 677 2122 ἤδη
701 2033 840 2127 γηλόφῳ
859 2036 1005 2104 κατιδῶυ
1022 2033 1104 2104 όυτα

141 2139 199 2206 καλ
212 2139 281 2205 τῶν
294 2133 518 2206 ὑπασπιστῶν
530 2141 620 2205 ἔστιν
634 2131 694 2216 063
715 2133 801 2223 ἀμφ’
817 2133 924 2212 αὐτόν
938 2135 1001 2216 ξδν
1015 2137 1103 2206 πολι)

103 2263 129 2303 ιο
145 2238 315 2308 ἐλάττοσιν
333 2236 435 2318 αότδς
454 2232 503 2306 ῶν
520 2235 612 2327 ὅμως
631 2238 769 2306 ἐδίωκεν
788 2243 836 2306 ἔτι
855 2239 964 2305 ίκτοό
979 2241 1103 2308 ἵππου·

143 2337 187 2418 ῶς
205 2336 244 2406 δὲ
269 2336 414 2424 χαλεπός
431 2331 449 2407 6
468 2337 617 2426 γήλοφος
638 2341 686 2430 τῷ
711 2343 804 2430 λππφ
823 2335 1031 2428 ἀναδραμεῖν
1048 2331 1104 2426 ἦν,

141 2444 266 2508 τοῦτον
294 2438 358 2526 μὲν
381 2437 489 2508 αὐτοῦ
514 2406 716 2525 καταλείπει,
744 2407 918 2528 πάραδοός
944 2465 1009 2508 τινι
1034 2443 1104 2507 τῶν

142 2537 364 2609 ὑπασπιστῶν
380 2538 488 2626 άγειυ·
515 2538 618 2620 αότδς
637 2532 719 2608 δε’
694 2565 741 2618 ως
758 2538 826 2628 εἶχε
839 2539 934 2622 πεζός
946 2565 993 2630 τφ
981 2538 1103 2632 Ἰνδῶ

145 2645 264 2710 εἵπετο.
309 2665 327 2706 ο
318 2617 440 2708 δὲ
415 2667 460 2720 ως
487 2640 670 2723 πελάζοντα
692 2637 756 2728 ἤδη
780 2639 965 2709 κατεῖδε
929 2667 992 2708 του
1011 2651 1101 2711 Πτο-
1121 2649 1140 2698 4

105 2761 132 2801 ιε
146 2748 302 2826 λεμιιίον,
334 2737 438 2819 αὐτός
464 2766 500 2808 τε
525 2741 722 2828 μεταβάλλει
750 2743 783 2820 ἐς
808 2738 846 2809 τδ
879 2745 1021 2828 ἔμπαλιν
1046 2743 1105 2810 καὶ

145 2843 180 2908 οί
203 2837 411 2906 ὑπασπισταί
443 2838 507 2920 ξδν
540 2835 644 2932 αὐτῷ.
696 2837 796 2909 καῖ’
780 2867 798 2907 ο
825 2839 888 2929 μὲν
909 2839 1016 2922 Ἰνδός
1042 2845 1104 2910 τοῦ

144 2945 357 3026 Πτολεμαίου
381 2939 436 3008 διδ
453 2943 514 3009 τοῦ
538 2941 695 3032 σῶρακος
718 2948 808 3020 παίει
826 2943 862 3009 ἐκ
881 2940 991 3030 χειρός
1010 2944 1042 3022 ἐς
1065 2941 1104 3012 τό

144 3043 268 3127 στῆθος
293 3041 403 3132 ξυστῷ
426 3044 556 3133 μακρῷ,
580 3043 637 3110 καὶ
654 3039 672 3110 6
690 3042 807 3130 δῶραξ
832 3047 908 3128 ἔσχε
931 3043 993 3130 τὴν
1017 3049 1105 3132 πλη-

144 3141 223 3227 γήν·
251 3148 460 3228 Πτολεμαῖος
485 3142 522 3211 δὲ
539 3143 599 3210 τὸν
616 3140 725 3230 μηρὸν
745 3143 890 3232 διαμπάξ
907 3143 1024 3230 βολῶν
1041 3150 1104 3212 τοῦ

106 3240 250 3311 ω’Ῑυδοῦ
268 3241 468 3329 καταβάλλει
484 3269 520 3312 τε
537 3243 592 3310 καλ
611 3241 767 3312 σκυλεόει
784 3241 900 3313 αὐτόν.
926 3243 971 3322 ῶς
989 3243 1028 3312 δλ
1044 3243 1104 3312 τόν
1122 3261 1140 3312 5

125 3419 127 3426 ¹
143 3339 291 3431 ἡγεμόνα
310 3347 409 3430 σφῶν
425 3350 582 3432 κείμενον
600 3348 637 3412 οί
653 3341 738 3432 ἄμφ’
758 3342 866 3414 αότὸν
883 3341 988 3430 είδον,
1012 3334 1106 3412 οὗτοι

143 3441 205 3530 μὲν
232 3441 345 3514 οόκίτι
373 3450 507 3534 ἔμενον·
535 3448 572 3513 οί
595 3443 633 3514 δὲ
660 3447 696 3514 ἐκ
714 3448 784 3514 τῶν
808 3443 901 3530 όρῶν
925 3442 1106 3528 αίρόμενον
