2632 3922
239 151 301 216 258
594 147 846 206 ειττιαιεου

240 313 303 378 τοῦ
336 311 477 397 αιματος
503 306 560 376 καὶ
591 304 742 396 ἀθρόον,
777 300 832 375 οἷα
865 305 906 395 δὴ
938 307 1002 388 ξύν
1027 307 1212 398 πνεύματι,

242 409 432 498 ἐκρυέντος,
452 407 607 536 ίλιγγόςἱ
596 433 632 476 τε
649 403 757 476 αὐτόν
774 408 832 476 καὶ
850 415 1050 495 λειποψυχία
1067 411 1212 496 κατέσχε

240 511 365 580 καίί
323 535 348 579 π
350 516 437 580 ίπτει
462 508 569 578 αύτου
554 493 695 578 επὶ
660 534 723 595 την
740 505 869 578 άσπίδα
886 507 1084 591 ξυννεύσας.
1110 521 1211 581 Πευ-

240 611 360 692 κέστας
397 611 436 680 δλ
470 608 608 698 περιβὰς
643 607 831 678 πεπτωκότι
855 606 959 678 ταδ’
937 609 1119 700 υπερσχοδν
1147 611 1210 698 τὴν

244 711 338 800 ίεράν
363 710 425 800 τὴν
453 712 486 792 ἐξ
509 709 610 780 Ἰλίου
637 707 764 779 άσπίδα
789 709 856 798 πρὸ
882 703 987 780 αύτοῦ
1011 712 1071 779 καλ
1096 721 1233 782 mov-⁵

241 812 342 892 νάτος
361 815 394 894 ἐς
407 811 447 880 τά
464 812 519 880 ἐπὶ
532 808 659 901 θάτερα
677 801 775 880 οὗτοί
784 837 819 880 τε
831 809 1012 898 βάλλονται
1024 808 1212 901 άμφότεροι

241 913 297 982 καλ
320 910 537 1002 Ἀλέξανδρος
563 909 666 998 ἐγγύς
683 901 726 999 ἦν
744 908 807 999 ἤδη
825 909 894 980 ύπδ
912 916 974 980 τού
991 917 1132 1001 αἵματος
1151 916 1209 982 ἐκ·

207 1023 361 1082 ολιπεῑν.
401 1027 473 1093 τοίς
505 1011 571 1100 γάρ
599 1011 776 1082 Μακεδόσι
807 1008 997 1102 καὶταύτῃ
1024 1015 1062 1081 ἐν
1088 1007 1210 1106 άπόρςο

241 1115 400 1202 γεγένητο
416 1112 457 1183 τά
484 1119 543 1200 τῆς
570 1117 757 1202 προσβολῆς
785 1110 837 1181 ότι
861 1117 897 1182 οί
910 1110 971 1182 τόν
986 1111 1211 1203 ἈλεἙανδρον

241 1213 451 1304 βαλλόμενόν
476 1241 513 1284 τε
539 1213 595 1282 ἐπὶ
619 1218 668 1305 τῷ
692 1219 793 1301 τείχει
820 1213 949 1294 ίδόντες
972 1215 1028 1282 καὶ
1046 1217 1210 1302 πηδῶντα
1225 1246 1247 1286 ιο

242 1325 323 1386 είσω
351 1319 385 1395 ἐς
410 1315 474 1402 τὴν
501 1313 621 1403 άκραν,
647 1312 718 1383 ύπδ
737 1318 888 1402 σπονδῆς
905 1340 941 1383 τε
957 1315 1014 1384 καὶ
1031 1313 1144 1402 φόβου
1162 1317 1212 1404 μή

241 1443 273 1485 τι
299 1413 416 1496 αύτοίς
434 1414 453 1484 6
476 1413 635 1505 βασιλεύς
660 1407 757 1504 πάθη
774 1414 815 1484 ού
834 1413 897 1496 ξύν
913 1420 964 1508 νῷ
981 1415 1210 1505 κινδυνεύων,

241 1516 302 1596 τάς
336 1522 499 1604 κλίμακας
526 1514 778 1604 συντετριφότες
805 1514 901 1584 άλλοι
925 1513 1030 1594 άλλας
1054 1519 1211 1604 μηχανάς

227 1620 278 1697 ’ἐς
303 1616 342 1686 τό
370 1615 530 1686 άνελθείν
558 1617 613 1686 ἐπί
639 1615 677 1685 τό
703 1630 811 1704 τεῖχος
837 1612 883 1695 ὥς
911 1618 948 1685 ἐν
964 1611 1105 1705 άπόροις
1124 1621 1211 1706 ἐμη-

242 1720 412 1807 χανάντο,
444 1722 482 1786 οί
504 1716 568 1806 μὲν
594 1715 788 1798 πασσάλους
815 1717 1063 1805 ἐμπηγνύοντες
1099 1720 1135 1797 ἐς
1168 1719 1210 1788 τό
1224 1747 1247 1789 ιτ

241 1833 362 1907 τείχος,
380 1814 501 1906 γήϊνον
514 1817 569 1906 όν,
582 1819 639 1887 καὶ
652 1817 735 1887 κατά
749 1817 889 1898 τούτους
903 1818 1214 1907 ἐκκρεμαννύμενοι

242 1925 396 2008 χαλεπάς
414 1917 590 2009 άνείρπον,
616 1925 653 1989 oc
667 1920 717 2007 δέ,
744 1917 838 1989 ἄλλοι
856 1917 911 1988 ἐπ’
931 1917 1054 2000 ἄλλους
1073 1922 1210 2008 ἐπιβαί-

208 2027 234 2090 4'
242 2047 366 2102 νοντες.
401 2018 419 2089 6
439 2020 478 2089 δὲ
494 2026 628 2109 πρῶτος
646 2018 802 2090 άνελθοὶν
821 2022 966 2109 ἐνρίπτει
984 2019 1106 2090 ἑαυτόν
1122 2024 1213 2091 κατὰ

241 2127 303 2191 τού
316 2127 446 2208 τείχους
464 2123 498 2201 ἐς
516 2121 578 2208 τὴν
589 2120 707 2209 πόλιν,
725 2126 846 2209 ἵναπερ
863 2119 923 2192 τόν
939 2122 1077 2208 βασιλέα
1091 2121 1211 2213 ἑάρων

242 2229 410 2310 κείμενον,
437 2219 502 2303 ξύν
527 2227 659 2311 οίμωγῇ
685 2224 743 2291 καὶ
765 2219 950 2314 ἀλαλαγμῷ
967 2221 1101 2302 πάντες.
1141 2222 1209 2313 ἤδη
1222 2252 1245 2293 ιο

242 2348 278 2393 τε
303 2319 390 2410 ἄμφ’
419 2318 514 2390 αύτά
531 2322 718 2392 πεπτωκότι
734 2321 879 2413 καρτερά
895 2323 986 2413 μάχη
1002 2323 1211 2413 ξυνειστήκει

242 2423 347 2493 ἄλλον
366 2418 420 2492 ἐπ’
441 2391 535 2515 άλλω
548 2429 617 2492 τάν
630 2423 843 2494 Μακεδόνων
857 2430 1133 2513 προασπίζοντος,
1150 2428 1209 2495 καί

243 2527 280 2593 ἐν
305 2522 416 2617 τούτω
451 2528 489 2593 οί
517 2523 581 2613 μεν
611 2525 673 2594 τὸν
698 2522 869 2613 μοχλδν”
850 2551 916 2617 οτςα
943 2524 1093 2622 είχετο
1073 2553 1095 2613 η
1120 2525 1209 2595 κατά
1280 2495 1281 2583 λ

240 2624 279 2694 τδ
304 2624 533 2748 μεταπύργιον
568 2625 658 2712 πύλη
691 2593 951 2712 κατασχίσαντες
978 2608 1034 2694 ἐπ’
1068 2624 1209 2711 ὀλίγους
1279 2663 1280 2708 3

243 2724 435 2815 παρῄεσαν·
463 2731 500 2795 οἱ
511 2725 549 2794 δέ
562 2723 642 2795 καθ’
662 2723 865 2814 ότιὴπύλη
879 2726 988 2815 διέσχε
1000 2751 1081 2807 τους
1095 2724 1242 2814 άμουςιτ
1279 2717 1280 2797 λ

243 2826 431 2907 ὑποθέντες
448 2825 553 2896 καί”
525 2846 671 2908 ωσαντες
690 2829 723 2908 ἐς
744 2824 783 2896 τό
801 2835 881 2896 είσω
897 2852 958 2896 του
944 2823 1146 2914 τείχους’
1127 2855 1210 2897 ανε-
1278 2879 1279 2888 τ

246 2928 393 2998 κέτασαν
420 2927 528 3018 ταύτη
555 2955 616 3015 την
642 2926 759 3017 άκραν.
1278 2947 1279 3013 6

190 3035 231 3100 11
318 3026 375 3099 Ἐν
400 3029 511 3119 τούτω
537 3027 576 3097 δὲ
601 3033 639 3098 oc
651 3028 715 3118 μὲν
732 3035 881 3100 ἐκτεινον
896 3055 978 3110 τους
993 3028 1134 3117 Ἰνδούς,
1151 3031 1211 3099 καὶ

245 3124 444 3200 άπέκτεινάν
452 3155 509 3216 γε
534 3128 663 3210 πάντας
689 3125 772 3200 ούδέ
795 3143 942 3216 γυναῖκα
958 3157 980 3218 η
962 3126 1141 3199 ἰτπαῖδα
1119 3155 1209 3201 υπο-
1276 3149 1278 3302 6

245 3235 433 3310 λείποντες·
459 3234 497 3298 ολ
512 3229 551 3298 δε
569 3229 772 3320 ἐξέφερον
739 3259 799 3300 τον
810 3231 950 3319 βασιλέα
965 3233 1073 3300 ἐπὶ
1032 3257 1093 3318 της
1106 3228 1247 3301 άσπί-ιο

245 3334 304 3408 δος
335 3333 445 3408 κακῶς
481 3335 617 3418 ἔχοντα,
650 3331 747 3400 οὔπω
778 3330 1022 3418 γιγνώσκοντες
1047 3331 1210 3421 βιάσιμον
1276 3295 1277 3445 6

246 3427 339 3496 ὄντα.
382 3427 477 3496 τόδὲ
494 3431 590 3515 βέλος
608 3431 780 3511 ἐξελκύσαι
798 3432 835 3499 ἐκ
851 3434 912 3500 τού
927 3431 1120 3522 τραύματος
1135 3436 1209 3502 ἐπι·
1275 3487 1276 3504 ,

1270 3701 1275 3872 6
