2620 3924
226 126 288 190 110
576 120 830 184 ΔΛΕΞΑΝΔΡΟΤ

221 267 393 356 Ἀρβήλων
410 268 468 353 τῆς
487 265 614 345 πόλεως
639 263 721 336 ὅσον
741 267 935 347 ἑξακοσίους
954 273 1127 359 σταδίους,
1147 275 1188 342 έν

223 370 323 458 χόρῳ
333 367 449 458 ὁμαλῷ
464 367 581 454 πάντη.
609 367 742 455 καὶγὰρ
755 369 812 436 καὶ
826 364 889 436 ὅσα
900 366 1062 456 ἀνόμαλα
1072 371 1183 441 αότοῦ

225 474 259 550 ές
284 475 468 554 ἱππασίαν,
493 470 600 536 ταῦτα
627 467 665 536 δὲ
697 470 733 540 έκ
761 469 889 536 πολλοῦ
917 474 953 538 οί
967 472 1096 560 Πέρσαι
1113 489 1185 553 τοῖς

222 597 258 640 τε
282 567 426 657 ἅρμασιν
451 568 648 638 ἐπελαύνειν
672 567 795 658 εόπετή
818 570 1040 657 πεποιήκεσαν
1065 575 1121 642 καὶ
1140 577 1182 661 τῇ

224 676 318 761 ἵππῳ
348 670 522 758 ἱππάσιμα.
562 660 648 755 ἦσαν
672 669 738 758 γάρ
763 677 799 738 οἳ
827 668 1009 740 ἀνέπειθον
1034 684 1213 760 Δαρεῖονε

222 771 313 858 όπέρ
330 776 388 858 τής
402 769 487 858 πρὸς
502 767 597 859 Ἰσσῷ
615 772 797 858 γενομένης
810 771 917 859 μάχης
931 769 981 840 ότι
994 770 1060 860 ἀρα
1076 777 1182 861 ἐμειο-

222 875 360 958 νέκτησε
383 873 453 940 τῶν
471 878 606 959 χωρίων
630 873 671 958 τή
691 872 874 959 στενότητι·
901 873 958 940 καὶ
977 884 1123 961 Δαρεῖος
1141 874 1182 944 οό

223 976 377 1059 χαλεπῶς
397 975 558 1040 ἐπείθετο.
1009 969 1025 992 “

192 1080 213 1144 9
305 1077 419 1142 Ταῦτα
439 1069 484 1151 άς
504 1073 687 1159 ἐξηγγέλθη
702 1071 911 1163 Ἀλεξάνδρῳ
929 1073 1014 1161 πρὸς
1032 1077 1101 1142 τόν
1119 1102 1183 1143 κα-

221 1173 399 1242 τασκόπων
418 1176 487 1240 τόν
502 1176 645 1260 Περσῶν
659 1171 731 1242 ὅσοι
746 1173 910 1261 ἑάλωσαν,
930 1180 1059 1260 ἔμεινεν
1073 1173 1180 1244 αὐτοῦ
1197 1203 1224 1242 ιο

222 1279 280 1344 ἵνα
306 1275 489 1361 ἐξηγγέλθη
514 1271 639 1362 ἡμέρας
655 1275 834 1364 τέσσαρας·
868 1275 925 1342 καλ
943 1275 1004 1362 τήν
1023 1277 1182 1365 στρατιάν

223 1378 259 1446 έκ
276 1378 333 1460 τής
351 1371 435 1444 ὁδοῦ
455 1373 639 1463 ἀνέπαυσε,
655 1375 696 1444 τό
712 1402 748 1444 τε
765 1375 993 1463 στρατόπεδον
1009 1377 1130 1468 τάφρῳ
1147 1404 1182 1446 τε

221 1477 276 1544 καὶ
297 1475 417 1564 χάρακι
436 1478 602 1561 ἐτείχισεν.
644 1482 731 1562 ἔγνω
751 1477 819 1565 γάρ
842 1475 883 1544 τά
901 1475 964 1563 μὲν
988 1478 1181 1565 σκευοφόρα

222 1575 416 1646 ἀπολείπειν
430 1579 486 1644 καὶ
501 1574 573 1644 ὅσοι
589 1580 659 1643 τόν
673 1581 882 1664 στρατιωτῶν
900 1575 1069 1663 ἀπόμαχοι
1081 1569 1180 1664 ἦσαν,

222 1674 327 1756 αὐτὸς
345 1676 384 1746 δὲ
402 1677 466 1758 ξόν
483 1692 555 1754 τοῖς
572 1682 729 1762 μαχίμοις
743 1676 844 1744 οὐδὲν
862 1675 946 1746 ἀλλο
963 1676 1014 1745 ότι
1030 1677 1075 1765 μή
1094 1675 1180 1746 ὅπλα
1194 1704 1220 1746 ιο

187 1791 203 1840 2
224 1779 387 1866 φέρουσιν
407 1780 493 1847 ίέναι
512 1779 544 1855 ές
567 1774 628 1842 τόν
652 1774 777 1861 άγόινα.
821 1775 1005 1865 ἀναλαβών
1030 1770 1094 1846 οὖν
1117 1781 1180 1866 τήν

221 1879 368 1967 δυ’ναμιν
391 1877 515 1956 νυκτός
539 1867 619 1963 ήγεν
642 1875 732 1963 ἀμφὶ
757 1880 919 1966 δευτέραν
938 1878 1095 1967 φυλακήν
1113 1880 1180 1966 μά-

221 1986 329 2066 λιστα,
347 1977 392 2058 άς
406 1975 458 2066 ἀμ’
476 1976 584 2067 ήμέρςι
599 1979 779 2064 προσμῖξαι
792 1993 863 2057 τοῖς
875 1980 1067 2068 βαρβάροις.
1104 1991 1180 2050 Λα-

222 2095 311 2164 ρεῖος
325 2081 376 2165 δέ,
394 2077 440 2157 οἱς
454 2079 692 2166 προσηγγέλθη
710 2076 803 2168 αὐτῷ
818 2080 999 2165 προσάγων
1012 2079 1074 2168 ήδη
1085 2079 1179 2151 Ἀλέ-

220 2183 382 2266 ξανδρος,
408 2179 556 2247 ἐκτάσσει
578 2177 640 2265 τήν
664 2180 823 2267 στρατιάν
848 2177 893 2258 ὥς
918 2183 951 2258 ές
969 2181 1094 2268 μάχην·
1122 2184 1178 2250 καὶ
1193 2207 1219 2248 νο
1303 2193 1304 2202 ’

218 2280 436 2366 Ἀλέξανδρος
451 2271 530 2366 ήγεν
546 2276 708 2358 εόσαότως
726 2281 959 2366 τεταγμένους.
992 2283 1048 2348 καὶ
1063 2280 1180 2366 ἀπεῖχε

220 2381 282 2468 μὲν
293 2380 448 2467 ἀλλήλων
461 2380 502 2448 τά
517 2380 725 2467 στρατόπεδα
740 2378 822 2450 ὅσον
834 2379 993 2466 ἑξήκοντα
1007 2387 1179 2466 σταδίους,

221 2480 262 2550 οὐ
271 2482 337 2568 μήν
347 2506 399 2548 πω
408 2479 592 2567 καθεοόρων
606 2479 786 2568 ἀλλήλους·
805 2481 949 2568 γήλοφοι
958 2479 1023 2569 γάρ
1038 2485 1075 2550 έν
1088 2484 1179 2574 μέσφ

222 2585 429 2666 ἐπίπροσθεν
447 2580 575 2668 ἀμφοῖν
593 2573 688 2668 ἦσαν.

186 2695 203 2744 ο
293 2681 349 2760 Ὡς
372 2680 410 2750 δὲ
434 2681 571 2768 ἀπεῖχεν
592 2681 810 2772 Ἀλέξανδρος
834 2679 917 2751 ὅσον
942 2686 977 2761 ές
1001 2682 1217 2769 τριάκονταοι

221 2785 381 2861 σταδίους
399 2785 456 2852 καὶ
470 2781 537 2852 κατ’
554 2781 669 2852 αὐτῶν
686 2782 748 2872 ήδη
762 2787 831 2852 τῶν
845 2783 1006 2872 γηλόφων
1019 2781 1071 2872 ήει
1084 2781 1177 2874 αὐτῷ

220 2882 238 2950 ὁ
254 2885 409 2972 στρατός,
424 2887 588 2970 ἐνταῦθα,
603 2884 649 2964 ως
663 2883 730 2954 εἶδε
744 2886 825 2966 τούς
843 2885 1049 2974 βαρβάρους,
1065 2890 1179 2972 ἔστησε

221 2984 282 3071 τήν
300 2984 409 3052 αότοό
429 2985 603 3072 φάλαγγα·
628 2987 686 3052 καλ
710 2987 917 3071 ξυγκαλέσας
935 2986 1016 3064 τοός
1033 3012 1067 3054 τε
1088 2987 1179 3054 έτάί-

221 3113 301 3170 ρους
315 3088 372 3176 καλ
387 3084 595 3171 στρατηγοδς
610 3087 667 3153 καὶ
684 3086 822 3172 ἰλάρχας
839 3089 896 3154 καὶ
911 3090 980 3154 τόν
994 3086 1179 3173 συμμάχων

221 3212 254 3252 τε
272 3187 328 3250 καὶ
347 3189 415 3251 τῶν
429 3185 650 3274 μισθοφόρων
668 3186 773 3266 ξένων
791 3187 872 3266 τούς
891 3186 1057 3274 ἡγεμόνας
1078 3191 1177 3275 ε’βον-
1193 3213 1219 3256 σο

221 3284 336 3352 λεόετο
361 3293 393 3354 εί
415 3284 564 3367 αὐτόθεν
584 3286 701 3372 ἐπάγοι
718 3284 780 3374 ήδη
798 3286 860 3373 τήν
879 3287 1058 3374 φάλαγγα,
1083 3286 1129 3366 ὣς
1147 3293 1184 3356 ολ

221 3392 369 3452 πλεῖστοι
382 3384 474 3472 ἀγειν
489 3388 658 3474 ἐκέλευον,
671 3383 692 3474 ή
705 3387 858 3477 καθάπερ
873 3396 1090 3476 Παρμενίωνι
1104 3387 1180 3477 [κα-Ι
