2620 3924
214 178 295 243 *108
587 141 842 234 Αλὲωιιιιεον
873 167 878 176 “

234 347 290 400 τος
309 319 461 406 ποταμοῦ
477 317 632 405 κάθηται,
652 315 808 404 ἐγνωκιδς
824 325 947 403 εἴργειν
962 311 1196 402 Ἀλέξανδρον,

236 428 268 490 εί
284 426 465 508 διαβαίνοι·
492 420 549 486 καὶ
568 417 655 486 εἶναι
668 415 761 508 αὐτῷ
782 413 941 502 στρατιάν
960 414 1047 482 πολὺ
1062 423 1197 502 μείζονα

202 536 218 584 5
235 518 332 606 ἢξδν
346 511 369 608 ᾖ
385 523 421 590 ἐν
437 527 571 610 Κιλικίᾳ
587 519 732 605 ἐμάχετο.
757 522 864 584 ταῦτα
879 514 1027 594 άκοόσας
1037 514 1198 596 Ἀλέξαν-

237 628 316 711 δρος
334 619 386 710 ᾔει
411 622 545 708 σπουδῇ
572 618 617 698 άς
643 619 698 688 ἐπὶ
715 616 776 686 τόν
800 625 955 706 Τίγρητα.
993 613 1038 696 οδς
1057 614 1094 686 δὲ
1112 615 1197 704 άφί-

236 749 331 808 κετο,
356 719 434 790 οὔτε
456 719 564 790 αὐτὸν
587 721 741 808 Δαρεῖον
760 717 1008 805 καταλαμβάνει
1032 715 1110 786 οὔτε
1133 717 1224 803 τηνε

238 822 396 910 φυλακην
409 819 526 908 ἥντινα
536 819 749 889 ἀπολελοίπει
760 830 918 907 Δαρεῖος,
932 817 1018 886 άλλδι
1033 823 1198 906 διαβαίνει

192 963 197 972 -
237 925 298 992 τὸν
316 923 437 1012 πόρον,
455 925 606 1008 χαλεπῶς
624 921 687 1008 μὲν
701 919 741 989 δι’
760 919 904 1006 όξότητα
918 923 979 986 τοῦ
1000 921 1076 1006 ῥοῦ,
1095 917 1197 986 οόδε-

237 1025 296 1104 νὸς
314 1023 353 1092 δέ
371 1034 551 1109 εἴργοντος.

204 1139 221 1189 ο
308 1123 477 1194 Ἐνταῦθα
495 1122 662 1191 ἀναπαύει
677 1121 738 1191 τὸν
756 1121 921 1209 στρατόν·
947 1121 1081 1206 καὶτῆς
1099 1119 1198 1206 σελή-

238 1251 299 1311 νης
316 1225 353 1292 τδ
374 1221 461 1292 πολό
482 1222 611 1302 ἐκλιπὲς
632 1223 777 1308 ἐγένετο·
804 1223 861 1290 καὶ
876 1220 1095 1309 Ἀλέξανδρος
1115 1227 1196 1289 ἔθυε
1210 1249 1236 1288 ιο

238 1329 280 1412 τῇ
300 1351 335 1392 τε
353 1324 476 1411 σελήνῃ
491 1325 548 1392 καὶ
565 1326 612 1414 τῷ
626 1321 712 1413 ἡλίῳ
725 1323 782 1389 καὶ
800 1324 842 1410 τῇ
860 1324 919 1408 γῇ,
937 1319 1024 1388 ὅτων
1041 1319 1078 1387 τό
1099 1327 1198 1409 ἔργον
1274 1401 1277 1406 ¹

239 1429 341 1492 τοῦτο
365 1423 465 1510 λόγος
483 1423 568 1492 εἶναι
591 1425 727 1508 κατέχει.
761 1425 818 1490 καὶ
844 1423 951 1490 ἐδόκει
970 1420 1197 1511 Ἀριστάνδρῳ
1273 1463 1277 1470 -

240 1524 324 1613 πρὸς
343 1524 554 1593 Μακεδόνων
572 1527 629 1592 καὶ
644 1523 868 1612 Ἀλεξάνδρου
884 1521 969 1590 εἶναι
986 1525 1044 1608 τῆς
1059 1523 1197 1608 σελήνης

239 1627 277 1692 τδ
304 1625 446 1713 πάθημα
470 1627 527 1692 καὶ
554 1628 684 1693 ἐκείνου
703 1626 763 1692 τοῦ
783 1623 888 1711 μηνὸς
908 1629 1042 1691 ἔσεσθαι
1058 1620 1079 1710 ἡ
1097 1622 1197 1709 μάχη,

240 1727 297 1794 καὶ
323 1729 451 1795 ἐκτῶν
480 1728 580 1814 ίερῶν
605 1715 719 1812 νίκην
735 1731 957 1812 σημαίνεσθαι
976 1721 1195 1812 Ἀλεξάνδρῳ.
1210 1747 1236 1790 1⁵
1301 1733 1302 1740 ’

207 1824 325 1915 τιάρας
344 1825 382 1894 δέ
400 1825 467 1894 άπὸ
482 1829 544 1894 τοῦ
565 1833 727 1915 Τίγρητος
737 1823 789 1912 ᾔει
803 1824 930 1928 διδιτης
940 1822 1116 1913 Ἀτουρίας
1130 1823 1198 1910 χοί-

241 1954 313 2015 ρας,
329 1929 366 1994 ἐν
376 1925 532 2015 άριστερᾷ
542 1925 605 2012 μὲν
617 1923 751 2012 ἐχωντά
762 1930 962 2012 Γορδυαίων
972 1922 1045 2012 όρη,
1061 1929 1097 1993 ἐν
1108 1926 1198 2013 δεξιᾷ

241 2027 280 2094 δὲ
305 2025 412 2094 αὐτόν
435 2026 495 2094 τὸν
526 2035 680 2114 Τίγρητα.
713 2025 852 2114 τετάρτη
871 2024 910 2094 δέ
927 2023 1119 2114 ἡμέρᾳάπὸ
1140 2029 1199 2110 της

242 2127 426 2214 διαβάσεως
458 2131 498 2194 os*
520 2126 704 2214 πρόδρομοι
734 2125 827 2216 αὐτῷ
862 2127 1120 2212 ἐξαγγέλλουσιν
1151 2123 1200 2193 ὅτι

244 2233 356 2306 ίππείς
375 2217 468 2296 οὗτοι
486 2229 636 2313 πολέμιοι
649 2225 714 2294 άνδι
732 2225 770 2294 τὸ
789 2231 908 2295 πεδίον
922 2234 1114 2314 φαίνονται,
1128 2223 1199 2294 ὅσοι
1212 2252 1238 2293 ιο

242 2329 293 2414 δέ,
311 2326 374 2396 οάκ
399 2334 484 2413 ἔχειν
509 2327 647 2396 εἰκάσαι.
688 2328 852 2408 ξυντάξας
878 2319 943 2395 οὖν
961 2325 1022 2414 τὴν
1041 2325 1199 2415 στρατιάν

242 2428 431 2517 προύχώρει
450 2425 495 2507 οἱς
515 2431 547 2506 ἐς
565 2428 690 2514 μάχην
718 2431 776 2498 καὶ
794 2427 888 2495 όιλλοι
905 2419 949 2496 αὖ
967 2423 1037 2495 τῶν
1051 2428 1200 2516 προδρό-

241 2555 315 2615 μων
339 2527 606 2617 προσελάσαντες
631 2527 866 2616 άκριβέστερον
891 2519 985 2596 οὗτοι
1009 2527 1200 2606 κατιδόντες

244 2635 392 2715 ἔφασκον
402 2634 516 2698 δοκείν
530 2627 621 2698 εἶναί
628 2649 722 2716 σφισι
734 2627 775 2696 οὐ
790 2636 928 2708 πλείους
942 2626 962 2716 ἢ
975 2637 1105 2715 χιλίους
1118 2628 1200 2707 τούς

244 2731 373 2809 ίππὲας.
512 2783 520 2796 .
741 2795 749 2808 ,
1213 2756 1240 2797 ει

101 2855 108 2866 ”
212 2839 232 2902 8
315 2829 511 2918 Ἀναλαβοδν
536 2821 599 2899 οὖν
623 2830 685 2918 τήν
707 2856 742 2898 τε
759 2828 931 2917 βασιλικὴν
957 2837 1032 2917 ἴλην
1057 2831 1201 2897 καὶτῶν

243 2933 385 3020 ἑταίρων
412 2939 494 3019 μίαν
524 2933 582 3000 καὶ
611 2933 680 2998 τῶν
713 2931 916 3018 προδρόμων
940 2931 1021 3008 τοὺς
1049 2938 1201 3008 Παίονας

240 3029 367 3118 ἤλαυνε
381 3037 534 3119 σπουδῇ,
552 3031 614 3118 τὴν
632 3030 670 3099 δὲ
688 3029 792 3118 άλλην
811 3031 970 3120 στρατιάν
994 3030 1103 3118 βάδην
1124 3033 1202 3100 ἕπε·
1281 3114 1286 3122 ι

241 3143 322 3200 σθαι
336 3134 519 3200 ἐκέλευσεν.
535 3137 571 3200 οί
583 3130 621 3199 δέ
634 3134 704 3198 τῶν
715 3135 859 3220 Περσων
875 3131 1202 3217 ίππεῑς,κατιδόντες

169 3277 173 3283 -
240 3233 321 3310 τοὺς
345 3230 425 3318 ἄμφ’
448 3231 670 3318 Ἀλέξανδρον
695 3230 797 3312 ὀξέως
820 3232 1028 3320 ἐπάγοντας,
1055 3238 1202 3319 ἔφευγον
1216 3258 1243 3298 ω

206 3331 306 3400 ’ἐάνδι
331 3331 463 3420 κράτος.
495 3333 552 3399 καὶ
574 3329 792 3420 Ἀλέξανδρος
811 3332 943 3400 διοίκων
962 3334 1119 3401 ἐνέκειτο·
1144 3335 1203 3400 καὶ

241 3437 278 3500 ολ
289 3431 351 3500 μὲν
370 3432 489 3498 πολλοὶ
504 3430 695 3518 ἀπέφυγον,
713 3431 793 3510 τούς
808 3434 848 3499 δέ
862 3458 955 3511 τινας
973 3435 1030 3500 καὶ
1048 3432 1203 3500 άπέκτει-
