2572 3920
186 135 229 204 62
542 133 795 196 ιιεεεεκιεον
886 109 890 124 ’

183 273 402 370 Ἀγχίαλον
431 279 502 348 καὶ
528 275 691 366 Ταρσόν
721 279 763 345 ἐν
785 273 916 367 ἡμέρᾳ
939 281 1011 368 μιᾷ
1036 279 1150 348 ἐδεί-

110 461 114 470 ,
187 409 300 472 ματο.
353 378 489 466 σύδέ,
526 371 685 462 άξένε,
716 383 832 446 ἔσθιε
860 377 928 445 καὶ
956 391 1051 447 πῖνε
1080 377 1151 446 καί

187 490 322 568 παῖζε,
359 479 411 561 ὦς
436 472 565 550 τάλλα
590 477 636 548 τά
663 475 910 568 άνθριόπινα
941 475 1016 547 ούκ
1049 477 1150 548 όντα
1200 540 1201 543 ,

186 580 337 653 τούτου
362 579 472 664 άξια·
514 578 574 649 τόν
599 577 712 666 ψόφον
735 577 968 667 αἰνισσόμενος
990 577 1096 670 όνπερ
1114 581 1153 648 αι’

186 699 295 776 χεῖρες
314 683 370 752 ἐπὶ
386 687 434 774 τῷ
451 680 561 773 κρότῳ
570 683 718 749 ποιοῦσι·
745 679 802 747 καὶ
819 677 856 749 τδ
875 686 969 762 παῖζε
987 683 1147 770 ραδιουρ-
1174 703 1191 748 ο

186 781 328 875 γότερον
346 780 577 873 ἐγγεγράφθαι
594 786 723 870 ἔφασαν
740 785 787 872 τῷ
808 777 978 872 Ἀσσυρίῳ
1001 778 1147 870 ὀνόματι.

152 897 170 949 σ
208 971 209 974 ¹
259 883 314 957 Ἐκ
337 882 376 952 δέ
397 887 456 970 τῆς
477 879 656 970 Ἀγχιάλου
678 883 711 962 ἐς
737 877 873 962 Σόλους
895 878 1048 968 άφίκετο·
1092 882 1149 950 καὶ

88 981 89 990 “
165 984 343 1078 Ιφρουράν
367 983 530 1072 ἐσήγαγεν
555 985 589 1062 ἐς
615 981 745 1062 Σόλους
768 983 826 1051 καὶ
851 983 1010 1069 ἐπέβαλεν
1033 979 1148 1062 αύτοϊς

185 1087 329 1156 τάλαντα
353 1083 521 1175 ἀργυρίου
545 1079 698 1152 διακόσια
721 1089 855 1170 ζημίαν,
886 1081 936 1152 ὅτι
959 1083 1042 1171 πρὸς
1066 1081 1147 1162 τοῦς

152 1200 169 1252 σ
186 1189 321 1277 Πέρσας
337 1184 467 1274 μᾶλλόν
484 1211 516 1254 τι
531 1183 593 1254 τὸν
608 1188 695 1262 νοῦν
712 1181 811 1270 εἶχον.
843 1189 945 1252 ἔνθεν
964 1183 1002 1252 δὲ
1018 1179 1147 1252 άναλα-
1160 1213 1189 1257 ιο

184 1287 259 1377 βάν
281 1292 350 1356 τῶν
372 1285 436 1375 μέν
458 1289 567 1368 πεζῶν
590 1289 660 1354 τεόν
683 1283 894 1354 Μακεδόνων
917 1299 1005 1374 τρεῖς
1029 1281 1147 1372 τάξεις,

184 1387 263 1469 τοῦς
276 1386 411 1470 τοξότας
425 1386 463 1456 δέ
476 1385 603 1466 πάντας
620 1384 678 1454 καί
694 1382 773 1465 τοῦς
788 1382 965 1474 Ἀγριᾶνας
980 1383 1149 1468 ἐξελαύνει

186 1489 241 1558 ε’πὶ
262 1486 342 1567 τούς
364 1486 405 1556 τά
430 1486 492 1576 ὅρη
516 1487 718 1574 κατέχοντας.
737 1492 887 1566 Κίλικας.
922 1486 979 1554 καὶ
1004 1488 1041 1555 ἐν
1066 1485 1147 1556 ἑπτά
1174 1561 1176 1567 Α

183 1603 256 1670 ταῖς
280 1587 401 1668 πάσαις
422 1584 560 1676 ἡμέραις
583 1585 662 1666 τούς
685 1584 748 1674 μέν
765 1592 824 1677 βίᾳ
842 1585 980 1674 ἐξελύν,
1011 1586 1090 1667 τοῦς
1108 1586 1146 1656 δέ

185 1689 347 1780 ὁμολογίᾳ
361 1686 658 1777 παραστησάμενος
676 1688 842 1786 ἐπανῆκεν
859 1689 892 1768 ἐς
905 1687 986 1768 τούς
1001 1687 1143 1768 Σόλους.
1158 1715 1185 1756 ιε

150 1792 241 1860 ἰκαὶ
266 1793 417 1860 ἐνταῦθα
446 1785 614 1878 μανθάνει
638 1785 846 1878 Πτολεμαῖον
878 1789 935 1856 καὶ
957 1787 1146 1878 ’Ἄσανδρον

184 1891 237 1962 ὅτι
260 1889 445 1982 ἐκράτησαν
459 1885 703 1981 Ὀροντοβάτου
720 1894 781 1959 τοῦ
799 1889 950 1977 Πέρσου,
968 1884 1014 1968 ἱδς
1031 1887 1094 1976 τήν
1110 1915 1147 1958 τε

183 1991 293 2082 άκραν
309 1997 368 2079 τῆς
381 1989 643 2082 Ἁλικαρνασσοῦ
665 1991 833 2076 ἐφύλασσε
849 1990 907 2057 καί
924 1986 1072 2060 Μύνδον
1089 1989 1147 2058 καί

183 2099 326 2164 Καῦνον
351 2092 409 2160 καί
426 2091 542 2181 Θήραν
560 2090 617 2160 καὶ
635 2097 841 2160 Καλλίπολιν
866 2104 1012 2178 κατεῖχε·
1040 2115 1144 2181 προς-

182 2199 263 2282 ῆκτο
293 2191 332 2260 δέ
362 2192 420 2260 καὶ
445 2197 505 2262 Κοῦ
536 2191 593 2259 καὶ
620 2189 788 2278 Τριόπιον,
831 2196 953 2261 τοῦτον
981 2189 1144 2280 ἡττῆσθαι
1157 2219 1184 2261 ιο

183 2299 333 2382 ἔγραφον
346 2291 436 2382 μάχῃ
452 2289 596 2381 μεγάλῃ·
623 2292 680 2359 καὶ
693 2290 881 2361 άποθανεῑν
898 2291 961 2381 μὲν
978 2299 1046 2362 τάν
1063 2287 1142 2380 άμφ’

183 2390 292 2464 αύτδν
315 2391 435 2476 πεζούς
462 2393 495 2473 ἐς
515 2392 731 2473 ἑπτακοσίους
755 2392 812 2460 καὶ
830 2392 951 2472 ίππέας
970 2395 1002 2474 ἐς
1020 2392 1143 2479 πεντή-

148 2505 303 2581 8κοντα,
329 2487 456 2562 άλῶυαι
480 2491 518 2562 δέ
543 2490 607 2562 ούκ
631 2491 783 2572 ἐλάττους
801 2498 871 2560 τῶν
888 2499 1016 2582 χιλίων.
1050 2487 1143 2563 Ἀλέ-

182 2598 324 2683 ξανδρος
348 2592 387 2661 δέ
411 2595 448 2662 ἐν
473 2591 593 2672 Σόλοις
615 2593 726 2674 θύσας
748 2619 785 2662 τε
807 2596 853 2684 τῷ
876 2591 1062 2687 Ἀσκληπιῷ
1087 2595 1143 2664 καὶ

182 2693 377 2782 πομπεύσας
395 2688 498 2774 αύτός
511 2719 546 2762 τε
559 2691 649 2780 καὶὴ
664 2691 798 2782 στρατιά
812 2698 903 2762 πάσα
917 2695 973 2762 καὶ
986 2694 1143 2783 λαμπάδα
1156 2726 1182 2768 ιε

182 2795 370 2876 ἐπιτελέσας
383 2795 440 2864 καὶ
452 2790 568 2881 άγάνα
582 2795 714 2878 διαθεὶς
727 2793 891 2883 γυμνικόν
908 2796 963 2864 καὶ
980 2797 1144 2884 μουσικόν

183 2902 327 2968 Σολεῦσι
363 2895 426 2988 μέν
465 2901 746 2984 δημοκρατεῖσθαι
777 2900 916 2964 ἔδακεν·
970 2893 1073 2977 αύτδς
1105 2897 1144 2967 δέ

181 2995 360 3080 ἀναζεύξας
391 3003 439 3078 είς
468 2995 600 3087 Ταρσδν
630 2991 709 3075 τούς
739 2993 801 3082 μὲν
828 2997 948 3077 ἱππέας
972 2995 1144 3067 άπέστειλε

183 3097 317 3196 Φιλάτρι
340 3097 422 3176 δούς
445 3093 539 3182 άγειν
564 3095 618 3164 διά
642 3101 704 3164 τοῦ
719 3092 853 3184 Ἀληίου
872 3103 991 3167 πεδίον
1012 3100 1067 3167 ἐπὶ
1083 3097 1144 3166 τόν

147 3197 331 3284 εποταμόν
356 3196 417 3266 τδν
440 3196 621 3284 Πύραμον·
664 3193 767 3276 αύτδς
791 3196 830 3265 δὲ
853 3197 920 3268 σῦν
942 3213 1012 3278 τοῖς
1036 3206 1142 3282 πεζοῖς
1156 3228 1182 3270 εο

181 3297 238 3365 καὶ
267 3302 310 3386 τῇ
342 3305 397 3386 ίλγγ
421 3301 463 3386 τῇ
486 3301 642 3386 βασιλικῇ
666 3299 699 3378 ές
724 3297 917 3387 Μαγαρσδν
938 3292 999 3386 ἦκε
1022 3300 1077 3368 καὶ
1100 3306 1143 3388 τῇ

178 3392 307 3488 Ἀθιγνᾷ
324 3403 365 3488 τῇ
380 3402 577 3488 Μαγαρσίδι
594 3403 729 3468 ἔθυσεν.
758 3401 919 3470 ἐντεῦθεν
937 3400 975 3472 δέ
994 3402 1027 3482 ἐς
1041 3409 1143 3471 Μαλ-
