2620 3924
210 138 273 204 144
566 135 818 194 εεειτιαιεοτ

208 302 249 364 γε
270 277 311 362 δὴ
334 277 390 344 καὶ
403 275 619 361 Ἀλέξανδρος
640 276 697 341 καλ
718 277 754 341 οί
773 275 835 354 ξύν
844 267 1051 360 Ἀλεξάνδρῳ
1067 277 1173 358 ἐπῆλ-

208 386 294 462 θον,
317 379 406 464 πλὴν
427 381 496 444 νῦν
515 377 633 443 Ἰνδῶν
654 382 830 462 ποταμῶν·
856 377 892 441 ol
909 378 948 441 δε
965 375 1064 440 Ἰνδοὶ
1085 376 1173 440 πάν-

210 503 279 546 των
300 483 460 562 ποταμοῖν
482 477 635 563 μέγιστοί
659 479 754 543 είσιν.
794 477 902 560 ἐξίησι
923 475 961 542 δὲ
983 467 1117 553 ὁὮξος
1139 477 1174 554 ἐς

175 597 193 645 3
211 578 273 663 την
287 579 436 664 μεγάλην
450 578 630 644 θάλασσαν
644 575 706 662 τὴν
725 575 805 643 καθ’
818 576 1006 660 Ὑρκανίαν.
1032 577 1171 660 διαβάλ-

211 685 284 746 λειν
300 681 338 745 δέ
359 681 585 764 ἐπιχειροῦντι
606 675 698 764 αύτῷ
717 677 778 742 τόν
792 676 943 760 ποταμόν
959 677 1067 760 πάντη
1088 674 1201 748 ἄπο-ι

212 804 274 866 ρον
295 779 467 864 ἐφαίνετο·
503 778 542 844 τὸ
563 781 626 862 μὲν
646 779 711 865 γάρ
734 768 832 864 εὖρος
851 767 897 862 ἧν
920 777 954 855 ἐς
975 778 1009 856 ἐξ
1030 778 1175 861 μάλιστα
1214 775 1217 779 ’

214 883 393 964 σταδίους,
426 880 534 964 βάθος
564 881 602 946 δὲ
635 878 676 945 ού
708 881 794 964 πρός
824 879 927 964 λόγον
953 879 1014 943 τοῦ
1041 875 1174 965 εὔρους,

213 980 300 1048 άλλά
334 979 424 1047 πολύ
456 977 511 1066 δη”
532 1004 564 1046 τι
596 980 786 1065 βαθύτερος
817 981 874 1046 καλ
904 978 1089 1065 ψαμμώδης
1117 978 1176 1044 καλ

212 1083 321 1168 όεῦμα
343 1079 422 1166 ὀξύ,
449 1079 495 1159 ὥς
515 1082 556 1147 τά
578 1082 862 1166 καταπηγνύμενα
883 1079 967 1165 πρὸς
987 1079 1093 1145 αύτοῦ
1114 1083 1176 1144 τοῦ

214 1184 278 1268 ῥοῦ
300 1183 545 1268 ἐκστρέφεσθαι
568 1183 687 1267 ἐνιπῆς
713 1187 774 1266 γῆς
796 1180 838 1246 ού
859 1185 1026 1266 χαλεπάς,
1055 1173 1110 1246 οἷα
1128 1179 1173 1264 δὴ
1188 1209 1216 1252 ιο

176 1281 254 1348 4ού
275 1286 421 1368 βεβαίως
442 1282 527 1350 ιιοιτά
549 1283 608 1368 τῆς
633 1283 773 1366 ψάμμου
796 1282 968 1368 ἱδρυμένα.
1006 1280 1117 1358 άλλως
1137 1281 1176 1348 δὲ

213 1383 269 1450 καὶ
289 1382 414 1467 ἀπορία
435 1383 519 1470 ὕλης
541 1386 581 1451 έν
594 1395 665 1462 τοῖς
685 1384 800 1460 τόποις
820 1373 864 1467 ἦν
879 1382 936 1450 καλ
955 1381 1052 1468 τριβὴ
1068 1380 1175 1467 πολλὴ

212 1484 389 1569 ἐφαίνετο,
419 1489 451 1552 εί
469 1484 645 1571 μακρόθεν
665 1487 812 1568 μετίοιεν
835 1482 897 1548 ὅσα
920 1483 955 1560 ἐς
978 1483 1176 1568 γεφύρωσιν

211 1591 274 1650 τοῦ
296 1585 416 1667 πόρου.
455 1583 657 1669 ξυναγαγών
683 1575 747 1650 οὖν
767 1581 827 1660 τάς
854 1585 1019 1669 διφθέρας
1044 1579 1099 1668 ὑφ’
1124 1575 1178 1660 αἷς

213 1685 385 1770 ἐσκήνουν
401 1687 438 1751 οό
455 1690 655 1767 στρατιῶται
675 1689 829 1768 φορυτοῦ
852 1683 1021 1768 ἐμπλῆσαί
1041 1684 1176 1750 έκέλευ-
1189 1711 1215 1755 ιε

212 1803 274 1852 σεν
295 1783 340 1864 ως
366 1788 552 1872 ξηροτάτου
579 1785 636 1852 καὶ
657 1787 844 1870 καταδῆσαί
866 1808 903 1851 τε
924 1787 980 1851 καλ
1006 1787 1177 1870 ξυρράψαι

213 1886 375 1972 άκριβως,
406 1893 467 1953 τοῦ
493 1885 538 1972 μή
563 1886 747 1953 ἐσδύεσθαι
770 1885 804 1962 ἐς
832 1880 936 1964 αὐτάς
961 1893 1023 1952 τοῦ
1043 1884 1175 1962 ὕδατος.

215 1990 461 2073 ἐμπλησθεῖσαι
483 1989 521 2054 δὲ
548 1988 606 2054 καί
633 1990 856 2074 ξυρραφεῖσαι
885 1985 998 2055 ἱκαναὶ
1020 1987 1177 2071 ἐγένοντο

214 2087 418 2174 διαβιβάσαι.
431 2089 491 2156 τόν
514 2087 658 2175 στρατόν
682 2092 721 2156 ἐν
742 2091 842 2156 πέντε
862 2087 1012 2174 ἡμέραις.

179 2201 199 2252 ῦ
298 2189 392 2275 Πρλν
426 2191 464 2256 δὲ
506 2192 698 2274 διαβαίνειν
738 2189 803 2254 τὸν.
831 2181 998 2272 ποταμόν,
1038 2193 1107 2254 τοδν
1140 2211 1217 2260 τεεο

215 2290 429 2357 Μακεδόνων
459 2291 610 2369 ἐπιλέξας
637 2288 716 2366 τοῦς
749 2291 1002 2374 πρεσβυτάτους
1029 2289 1086 2356 καλ
1111 2290 1176 2374 ἤδη

215 2389 406 2474 άπολέμους
430 2391 488 2456 καλ
512 2394 581 2456 τῦν
604 2395 788 2458 Θεσσαλῶν
810 2391 888 2469 τοῦς
914 2393 1095 2468 ἐθελοντάς
1116 2416 1176 2457 κα-

215 2495 438 2576 ταμείναντας
460 2490 514 2556 ἐπ’
535 2496 633 2557 οίκου
648 2491 852 2559 άπέστειλεν.
882 2494 1042 2577 ἐκπέμπει
1062 2493 1100 2558 δέ
1121 2492 1179 2558 καὶ

216 2591 437 2677 Στασάνορα,
468 2593 530 2660 ἕνα
556 2597 626 2658 τάν
653 2592 810 2678 ἑταίρων,
842 2595 877 2670 ἐς
899 2591 1064 2676 Ἀρείους,
1092 2615 1179 2676 προ-

193 2693 336 2778 ,στάξας
360 2691 528 2780 Ἀρσάμην
554 2693 617 2779 μὲν
646 2693 707 2760 τόν
739 2694 914 2779 σατράπην
945 2694 1015 2760 των
1041 2696 1217 2778 Ἀρείωνισ

215 2797 409 2880 ξυλλαβεῖν,
441 2793 492 2862 ότι
515 2797 736 2863 ἐθελοκακεῖν
756 2793 847 2882 αύτῷ
866 2793 1031 2880 Ἀρσάμης
1052 2796 1179 2877 ἔδοξεν,

216 2895 322 2962 αὐτόν
342 2898 380 2964 δὲ
401 2898 578 2983 σατράπην
593 2893 679 2964 εἶναι
699 2893 771 2962 ἀντ’
794 2898 929 2964 ἐκείνου
945 2895 1092 2980 Ἀρείων.

181 3023 198 3072 ε
299 2993 515 3083 Περάσαςέδε
535 2996 595 3063 τόν
603 2987 706 3076 Ὦξον
720 2996 873 3080 ποταμόν
886 2987 948 3083 ἦγε
968 2995 1052 3062 κατά
1072 3011 1180 3061 σπου-

216 3098 282 3184 δηυ
302 3100 360 3165 ἵνα
374 3104 511 3184 Βῆσσον
531 3095 618 3164 εἶναι
639 3096 703 3177 ξύν
724 3103 766 3184 τῇ
788 3099 932 3182 δυνάμει
955 3098 1180 3166 ἐπυνθάνετο.

215 3205 271 3268 καί
300 3203 340 3267 ἐν
365 3200 473 3287 τούτῳ
497 3195 724 3284 ἀφικνοῦνται
750 3197 841 3285 παρά
864 3201 1098 3286 Σπιταμένους
1123 3195 1180 3264 καὶ
1193 3224 1220 3266 ω

215 3301 442 3386 Δαταφέρνου
458 3299 542 3386 πρὸς
556 3296 660 3367 αύτόν
671 3299 890 3385 άγγέλλοντες
905 3301 955 3367 ὅτι
967 3301 1181 3384 Σπιταμένης

215 3401 274 3470 καὶ
284 3401 520 3486 Δαταφέρνης,
537 3403 568 3468 εί
581 3404 753 3487 πεμφθείη
767 3399 880 3478 αῦτοίς
895 3401 951 3466 καὶ
966 3399 1061 3486 ὀλίγη
1077 3418 1182 3482 στρα-
