2632 3922
483 189 665 244 ANABAzm
681 193 706 251 ε,
726 193 749 246 1.
1011 177 1015 184 '
1037 191 1100 256 201

120 379 124 386 ·
209 345 267 428 Ὡς
285 346 323 415 δὲ
344 346 445 434 ἐπέβη
462 349 504 434 τῇ
525 345 626 437 Νάση
638 344 875 435 Ἀλέξανδρος,
893 347 1100 436 ἐκπέμπουσι
1117 366 1136 416 3
1236 355 1239 362 ’

135 447 220 535 παρ’
248 446 356 516 αὐτὸν
381 453 417 516 οἰ
442 457 589 518 Νυσαῖοι
614 447 676 516 τὸν
701 447 961 535 κρατιστεύοντα
987 451 1099 538 σφων,

136 548 245 636 ὄνομα
263 548 301 618 δέ
318 540 360 636 ἦν
378 545 657 638 αὐτῷ”Ακουφις,
676 550 733 616 καὶ
751 547 815 627 ξάν
832 547 926 640 αὐτῷ
944 551 1099 638 πρέσβεις

135 649 207 718 τῶν
227 648 463 737 δοκιμωτάτων
479 649 675 737 τριάκοντα,
701 650 925 736 δεησομένους
941 647 1096 732 Ἀλεξάν-

108 757 224 840 εδρου
242 747 379 838 άφείναι
395 755 443 841 τῷ
459 753 530 841 θεῷ
548 751 611 836 τὴν
634 749 743 818 πόλιν.
790 757 975 839 παρελθεῖν
996 776 1033 820 τε
1058 752 1136 839 δὴε

137 855 173 932 ἐς
198 849 261 939 τὴν
287 850 416 939 σκηνὴν
433 850 498 937 τὴν
511 848 734 938 Ἀλεξάνδρου
757 850 840 930 τούς
864 851 1102 940 πρέσβειςκαὶ

135 958 339 1038 καταλαβεῖν
365 951 558 1038 καθήμενον
580 951 795 1039 κεκονιμένον
817 955 866 1019 ἔτι
884 954 920 1019 ἐκ
936 957 998 1039 τῆς
1015 951 1101 1021 όδοῦ

136 1053 202 1135 ξύν
219 1069 291 1133 τοῖς
307 1050 425 1132 ὅπλοις
441 1066 512 1132 τοῖς
529 1079 565 1121 τε
582 1050 695 1132 άλλοις
718 1053 777 1120 καὶ
794 1052 833 1120 τὸ
856 1051 981 1140 κράνος
1005 1076 1103 1143 περν-

137 1162 296 1241 κείμενον
313 1155 370 1221 καὶ
388 1154 426 1222 τὸ
443 1153 530 1240 δόρυ
549 1158 684 1240 ἔχοντα·
716 1156 896 1240 θαμβῆσαί
909 1179 946 1222 τε
965 1153 1105 1234 ἰδόντας

97 1282 123 1322 ιο
136 1257 200 1342 τὴν
218 1252 298 1335 ὄψιν
314 1255 372 1322 καὶ
390 1252 555 1334 πεσόντας
572 1256 688 1341 ἐςμῆν
705 1255 762 1322 ἐπὶ
779 1253 867 1322 πολε)
886 1251 985 1340 σιγὴν
1004 1260 1102 1340 ἐχειν.

138 1354 185 1436 ὥς
205 1354 243 1424 δὲ
266 1355 466 1442 ἐξανέστησέ
486 1382 522 1423 τε
549 1351 679 1435 αότοάς
696 1351 914 1444 Ἀλέξανδρος
932 1354 990 1422 καί
1010 1365 1102 1444 δαρ-

138 1471 212 1544 ρείν
237 1458 401 1546 ἐκέλευσε,
434 1453 511 1524 τότε
542 1458 585 1543 δὴ
616 1454 678 1524 τόν
707 1453 877 1544 ’Ἄκουφιν
911 1452 1103 1544 ἀρξάμενον

139 1559 251 1642 λέγειν
278 1553 353 1624 ὦδε.
790 1577 796 1588 ·

208 1649 250 1726 Ὦ
275 1658 427 1744 βασιλεῦ,
460 1658 599 1726 δέονταί
627 1677 689 1728 σου
715 1666 864 1727 Νυσαῖοι
890 1657 986 1724 ἐάσαι
1011 1660 1139 1744 σφάςο

98 1783 125 1824 τι
140 1759 342 1847 ἐλευθέρως
358 1784 394 1826 τε
413 1757 471 1825 καὶ
494 1755 706 1846 αὐτονόμους
726 1761 821 1826 αἰδοῖ
838 1760 902 1824 τοῦ
916 1755 1100 1826 Διονύσου.

139 1859 311 1939 Διόνυσος
334 1859 399 1946 γάρ
419 1857 530 1944 ἐπειδὴ
548 1857 791 1946 χειρωσάμενος
808 1857 847 1925 τὸ
861 1854 989 1949 Ἰνδόν,
1000 1863 1102 1938 ἔθνος

140 1961 196 2029 ἐπὶ
212 1958 393 2029 θάλασσαν
410 1956 521 2028 ὀπίσω
536 1958 654 2048 κατῄει
670 1959 733 2044 τὴν
746 1951 954 2045 Ἑλληνικήν,
979 1957 1016 2026 ἐκ
1032 1963 1105 2026 τεόν

140 2057 326 2148 ιἰπομάχων
339 2061 565 2150 στρατιωτῶν,
583 2067 620 2129 οἰ
632 2058 675 2146 δὴ
688 2061 746 2128 καί
756 2055 882 2146 Βάκχαι
894 2056 988 2148 αὐτῷ
1004 2050 1105 2146 ἦσαν,
1130 2143 1132 2148 Ι

139 2170 239 2245 κτιζει
256 2162 319 2249 τὴν
337 2161 438 2231 πάλιν
454 2160 556 2246 τήνδε
573 2159 795 2250 μνημόσυνον
811 2164 871 2246 τῆς
888 2158 997 2227 αὐτοῦ
1012 2159 1102 2227 πλά-

101 2288 127 2328 zo
140 2289 201 2351 νης
218 2289 254 2331 τε
271 2265 329 2332 καὶ
348 2271 449 2349 νίκης
461 2277 533 2342 τοῖς
548 2267 660 2331 ἔπειτα
675 2261 848 2348 ἐσόμενον,
866 2258 1023 2349 καθάπερ
1037 2251 1104 2328 οὖν

69 2360 80 2372 ’
139 2366 197 2432 καὶ
224 2362 268 2432 σά
296 2363 400 2443 αὐτὸς
424 2361 680 2452 Ἀλεξάνδρειάν
705 2389 742 2430 τε
769 2367 901 2439 ἔκτισας
926 2361 989 2448 τὴν
1015 2360 1103 2448 πρὸς

139 2463 313 2557 Καυκάσῳ
332 2462 403 2554 όρει
417 2466 476 2532 καί
490 2462 597 2552 άλλην
606 2462 863 2550 Ἀλεξάνδρειαν
878 2463 917 2530 ἐν
928 2462 971 2549 τῇ
986 2467 1103 2546 Αἰγυ-

115 2609 117 2612 -
139 2573 249 2634 πτίων
273 2568 339 2653 γῇ,
365 2567 424 2632 καὶ
449 2562 554 2644 άλλας
572 2562 699 2644 πολλάς
716 2563 777 2642 τάς
794 2562 858 2650 μὲν
876 2567 1006 2641 ἔκτισας
1024 2560 1102 2649 ἤδη,

140 2666 201 2744 τὰς
222 2665 261 2752 δὲ
273 2667 331 2734 καὶ
344 2671 468 2744 κτίσεις
478 2663 544 2734 άνά
563 2665 708 2753 χρόνον,
728 2660 784 2733 οἷα
806 2662 848 2750 δὴ
862 2669 1003 2731 πλείονα
1016 2675 1102 2733 Διο-

11 2829 12 2834 ,
60 2783 67 2798 ·
103 2765 252 2834 εονάσου
272 2771 354 2852 ἔργα
374 2765 645 2852 ἀποδειξάμενος.
682 2764 806 2836 Νῦσάν
823 2791 860 2832 τε
880 2752 945 2831 οὖν
965 2761 1137 2838 ἐκάλεσες

47 2891 52 2900 ·
127 2866 202 2953 ’τὴν
229 2863 328 2933 πόλιν
345 2864 364 2934 ὁ
384 2865 555 2946 Διόνυσος
580 2865 636 2934 ἐπὶ
661 2871 721 2952 τῆς
744 2865 876 2953 τροφοῦ
904 2867 964 2949 τῆς
982 2862 1102 2949 Νάσης

140 2967 198 3035 καί
216 2966 279 3053 τὴν
300 2964 416 3053 χάραν
434 2972 612 3038 Νυσαίαν·
640 2965 679 3034 τὸ
699 2964 737 3034 δὲ
758 2963 836 3052 ὄρος
850 2961 870 3032 ό
882 2991 914 3032 τι
932 2987 996 3051 περ
1014 2971 1102 3050 πλη-

141 3073 216 3137 σίον
243 3067 313 3136 ἐστὶ
337 3070 395 3152 τῆς
420 3067 549 3148 πόλεως
567 3069 743 3136 καὶτοῦτο
761 3065 887 3154 Μηρὸν
905 3062 1104 3152 ἐπωνόμασε

142 3168 324 3255 Διόνυσος,
351 3165 402 3236 ότι
419 3169 461 3255 δὴ
489 3168 573 3237 κατά
591 3167 653 3237 τὸν
670 3171 786 3256 μῦθον
805 3169 842 3236 ἐν
859 3167 955 3255 μηρῷ
973 3170 1022 3256 τῷ
1039 3169 1105 3234 τοῦ

104 3297 128 3337 ιι
141 3271 223 3350 Διὸς
236 3267 382 3358 ηὐξήθη.
423 3271 481 3338 καί
498 3272 535 3338 ἐκ
549 3269 674 3339 τοάτον
690 3267 876 3355 ἐλευθέραν
891 3292 927 3334 τε
943 3269 1104 3354 οἰκοῦμεν

139 3372 201 3458 τὴν
219 3377 344 3442 Νῦσαν
361 3371 419 3438 καί
438 3368 537 3439 αὐτοὶ
557 3367 741 3457 αὐτόνομοι
754 3365 812 3436 καὶ
828 3369 866 3435 ἐν
878 3365 996 3457 κόσμςο
1005 3373 1103 3434 πολι-

139 3470 312 3549 τεάοντες·
341 3475 401 3557 τῆς
427 3469 466 3540 δὲ
494 3473 531 3542 ἐκ
556 3470 732 3540 Διονύσου
760 3475 916 3548 οἰκίσεως
942 3467 1000 3534 καὶ
1025 3464 1105 3534 τάδε
