2572 3920
185 143 205 208 6
539 139 791 201 ΑΛΕΞΑΝΔΡΟΤ

185 286 330 374 μόνους·
358 285 412 353 ἐπὶ
437 284 474 354 δὲ
493 289 725 374 Σαυροματῶν
742 299 882 374 μοῖραν,
905 280 1068 373 Ἰάζυγας·
1094 287 1148 356 ε’πί

188 388 224 457 δέ
238 387 341 466 Γέτας
354 384 434 466 τούς
452 384 776 469 ἀπαθανατίζοντας·
796 387 850 454 έπὶ
869 386 906 455 δὲ
926 387 1149 478 Σαυρομάτας

185 487 264 568 τούς
282 487 442 566 πολλούς·
469 487 523 555 ἐπί
542 486 580 555 δὲ
597 486 737 568 Σκύθας
755 493 828 558 ἔστε
846 489 901 556 ἐπὶ
917 486 977 568 τός
997 489 1147 576 ἐκβολάς,

187 594 244 658 ἵνα
270 589 398 657 ἐκδιδοῖ
425 587 508 656 κατά
539 588 639 656 πέντε
669 587 815 676 στόματα
845 590 878 669 ές
901 587 962 657 τόν
986 588 1148 671 Εὔξεινον

153 706 168 754 ³
187 690 320 759 πόντον.
357 692 506 758 ἐνταῦθα
523 688 766 777 καταλαμβάνει
784 683 876 782 αύτῷ
899 687 1046 776 ἡκούσας
1064 696 1149 771 ναός
1175 708 1189 752 ⁵

186 789 315 880 μακρός
340 793 376 858 έκ
393 797 578 874 Βυζαντίου
603 788 658 858 διά
676 795 740 868 τοῦ,
755 788 882 858 πόντου
901 797 962 858 τού
981 785 1148 873 Εὐξείνου

186 891 269 961 κατά
287 889 347 960 τόν
360 891 518 980 ποταμόν.
555 891 677 971 ταύτας
691 888 862 978 ἐμπλήσας
879 893 1022 972 τοξοτῶν
1039 918 1075 962 τε
1093 893 1150 962 καί

186 992 331 1062 ὁπλιτῶν
347 998 389 1082 τῇ
406 993 498 1086 νήσῳ
517 993 652 1061 ἐπέπλει
669 995 726 1060 ίνα
744 996 780 1062 οί
797 999 977 1080 Τριβαλλοί
991 1019 1027 1061 τε
1043 994 1099 1062 καὶ
1115 997 1153 1062 οί

189 1100 319 1184 Θρᾷκες
337 1093 607 1182 ξυμπεφευγότες
620 1085 720 1180 ήσαυ,
738 1093 794 1161 καὶ
813 1095 965 1183 ἐπειρᾶτο
980 1091 1150 1180 βιάζεσθαι

153 1194 249 1282 4τήν
280 1193 456 1281 ἀπόβασιν.
493 1199 528 1264 οί
555 1194 593 1262 δδ
624 1193 788 1283 βάρβαροι
817 1192 976 1281 ἀπήντων
1005 1196 1059 1264 ἐπὶ
1089 1191 1149 1264 τόν
1163 1215 1189 1255 1⁰

186 1294 336 1385 ποταμόν
366 1292 442 1364 όποι
471 1301 510 1364 αί
534 1300 613 1382 νήες
642 1302 897 1384 προσπίπτοιεν·
934 1300 972 1364 αί
1006 1293 1044 1364 δὲ
1074 1292 1146 1364 ὀλί-

186 1425 242 1484 γαι
265 1423 300 1464 τε
325 1386 412 1483 ήσαν
428 1397 485 1464 καὶ
503 1393 523 1482 ή
542 1394 677 1484 στρατιὰ
697 1391 737 1464 ού
763 1395 869 1483 πολλή
893 1389 993 1489 ή,έπ’
1023 1393 1148 1485 αὐτῶν,

187 1497 244 1565 καὶ
269 1501 329 1584 τής
359 1495 465 1583 νήσου
496 1494 537 1566 τό
569 1494 675 1564 πολλοὶ
706 1493 858 1584 ἀπότομα
885 1499 918 1576 ές
945 1497 1149 1586 προσβολήν,

186 1599 243 1666 καί
266 1596 304 1666 τό
331 1600 439 1685 ῥεύμα
462 1601 524 1665 τοῦ
548 1601 698 1684 ποταμοῦ
719 1595 757 1665 τδ
783 1593 859 1687 παρ’
886 1591 1010 1686 αύτήυ,
1034 1593 1088 1667 οἷα
1106 1596 1148 1687 δή

188 1703 220 1779 ἐς
239 1696 358 1770 στενόν
382 1699 700 1786 συγκεκλεισμένον,
725 1695 784 1780 όξό
809 1699 864 1767 καὶ
889 1695 1017 1787 ἄπορον
1041 1720 1146 1789 προσ·
1164 1719 1189 1760 1⁵

186 1804 357 1892 φέρεσθαι.
473 1889 475 1893 Υ

153 1918 169 1964 5
252 1900 361 1972 Ἔνθα
379 1899 420 1988 δή
436 1899 651 1990 Ἀλέξανδρος
669 1898 854 1988 ἀπαγαγῶν
879 1899 938 1981 τάς
957 1907 1042 1982 ναός
1061 1909 1149 1989 ἔγνω

187 2007 373 2089 διαβαίνειν
386 1998 583 2090 τόνἼστρου
598 2002 653 2070 έπὶ
666 2000 746 2082 τούς
760 2003 862 2082 Γέτας
875 2001 954 2082 τούς
968 2004 1074 2092 πέραν
1089 2009 1149 2073 τού

177 2103 311 2192 ’Ίστρου
327 2099 544 2194 ᾠκισμένους,
559 2102 608 2170 ότι
620 2129 655 2170 τε
669 2104 952 2190 συνειλεγμένους
962 2104 1049 2194 έῶρα
1064 2113 1149 2173 πολ-

187 2203 266 2283 λούς
286 2205 340 2272 ε’πί
357 2205 401 2293 τῇ
417 2202 503 2292 όχθῃ
523 2204 740 2291 τοῦἼστρον,
760 2197 804 2282 ῶς
825 2206 1004 2292 εἴρξοντας,
1024 2213 1057 2274 εί
1073 2211 1146 2273 δια-
1162 2227 1188 2267 ιο

188 2311 300 2388 βαίνοι
314 2296 489 2393 (ήσανγόιρ
505 2308 618 2384 ίππείς
631 2303 694 2391 μὲν
709 2306 740 2383 ἐς
753 2313 1045 2392 τετρακισχιλίους,
1060 2307 1149 2388 πεζοί

189 2405 226 2474 δὲ
245 2412 379 2484 πλείους
392 2409 461 2472 τῶν
478 2403 625 2494 μυρίων)
639 2404 695 2472 καὶ
709 2402 777 2492 όίμα
790 2403 896 2484 πόθος
911 2411 1029 2493 ἔλαβεν
1043 2404 1149 2474 αύτδν

154 2501 237 2575 σε’π’
263 2509 373 2574 ἐκεῖνα
396 2511 457 2573 τού
472 2503 607 2594 Ἴστρου
632 2507 755 2573 ἐλθεῖν.
795 2510 865 2572 τῶν
894 2505 956 2594 μέν
988 2504 1029 2593 δή
1061 2511 1149 2575 νεῶν

188 2609 290 2695 Ιε’πέβη
309 2603 423 2684 αὐτός·
442 2604 500 2686 τὰς
518 2606 555 2673 δὲ
573 2605 736 2694 διφθέρας
752 2599 814 2692 ἀφ’
835 2600 889 2685 αἷς
908 2606 1072 2694 ἐσκήνουν
1089 2613 1149 2694 τῆς

188 2707 319 2797 κάρφής
345 2705 522 2796 πληρώσας
548 2707 604 2774 καὶ
630 2706 693 2775 ὅσα
717 2706 884 2795 μονόξυλα
907 2716 1007 2776 πλοία
1032 2711 1067 2776 ἐκ
1090 2713 1189 2794 τῆςει
1258 2781 1261 2790 1

189 2809 297 2899 χώρας
311 2807 510 2894 ξυναγαγών
529 2800 587 2896 (ήν
605 2807 643 2876 δὲ
661 2806 859 2876 καὶτούτων
874 2805 1015 2897 εύπορία
1029 2807 1148 2895 πολλή,

188 2908 238 2980 ότι
251 2910 378 2990 τούτοις
391 2915 538 2999 χρῶνται
551 2913 587 2977 οί
597 2908 766 2998 πρόσοικοι
778 2913 825 3000 τῶ
833 2904 952 3002 Ἴστρῳ
968 2905 1021 2997 ἐφ’
1041 2902 1149 2999 ἀλιείμ

189 3039 225 3081 τε
250 3017 292 3102 τῇ
316 3015 352 3080 ἐκ
369 3015 430 3080 τού
443 3009 578 3099 Ἴστρου
601 3010 658 3076 καὶ
676 3019 786 3078 είποτε
803 3007 882 3098 παρ’
902 3007 1066 3096 ἀλλήλους
1083 3007 1149 3078 ἀυά

188 3112 250 3182 τόν
268 3110 418 3200 ποταμόν
436 3113 621 3178 στέλλοιντο
639 3110 696 3178 καὶ
714 3109 932 3198 λῃστεύοντες
951 3108 1010 3179 ἀπ’
1036 3109 1150 3180 αὐτῶν

190 3219 225 3282 οί
240 3210 373 3300 πολλοί)
397 3203 567 3290 ταῦταῶς
585 3219 724 3279 πλείστα
741 3211 942 3298 ξυναγαγῶν
967 3217 1150 3299 διεβίβαζεν
1163 3239 1188 3280 ³0
1269 3283 1270 3308 ἦ

192 3313 254 3382 ἐπ’.
274 3311 388 3382 αὐτῶν
412 3315 470 3400 τῆς
498 3314 652 3401 στρατιαῖς
676 3310 777 3391 ὅσους
802 3311 950 3381 δυνατόν
972 3304 1016 3400 ήν
1043 3315 1079 3382 έν
1102 3319 1149 3406 τῶ
1269 3313 1270 3317 “

191 3420 310 3507 τοιῷδε
341 3413 464 3507 τρόπῳ,
510 3415 567 3482 καὶ
601 3413 842 3501 γίγνονταιόί
875 3412 1047 3500 διαβάντες
1081 3411 1150 3488 ἅμα
