<?xml version="1.0" encoding="UTF-8"?>
<!DOCTYPE html PUBLIC "-//W3C//DTD XHTML 1.0 Transitional//EN"
    "http://www.w3.org/TR/xhtml1/DTD/xhtml1-transitional.dtd">
<html xmlns="http://www.w3.org/1999/xhtml" xml:lang="en" lang="en">
 <head>
  <title>
</title>
<meta http-equiv="Content-Type" content="text/html;charset=utf-8" />
  <meta name='ocr-system' content='tesseract 3.04.00' />
  <meta name='ocr-capabilities' content='ocr_page ocr_carea ocr_par ocr_line ocrx_word'/>
</head>
<body>
  <div class='ocr_page' id='page_1' title='image "./arrianianabasis01arrigoog_0064.png"; bbox 0 0 2572 3920; ppageno 0'>
   <div class='ocr_carea' id='block_1_1' title="bbox 438 159 1064 228">
    <p class='ocr_par' dir='ltr' id='par_1_1' title="bbox 438 159 1064 228">
     <span class='ocr_line' id='line_1_1' title="bbox 438 159 1064 228; baseline 0.002 -15"><span class='ocrx_word' id='word_1_1' title='bbox 438 159 625 213; x_wconf 71' lang='grc' dir='ltr'><strong><em>Δαεοεειε</em></strong></span> <span class='ocrx_word' id='word_1_2' title='bbox 644 163 668 224; x_wconf 91' lang='lat'><strong><em>1,</em></strong></span> <span class='ocrx_word' id='word_1_3' title='bbox 687 164 729 213; x_wconf 76' lang='grc' dir='ltr'><strong><em>τε.</em></strong></span> <span class='ocrx_word' id='word_1_4' title='bbox 1021 163 1064 228; x_wconf 84' lang='lat'><strong><em>43</em></strong></span> 
     </span>
    </p>
   </div>
   <div class='ocr_carea' id='block_1_2' title="bbox 80 298 1064 490">
    <p class='ocr_par' dir='ltr' id='par_1_2' title="bbox 80 298 1064 490">
     <span class='ocr_line' id='line_1_2' title="bbox 96 298 1064 393; baseline 0.002 -23"><span class='ocrx_word' id='word_1_5' title='bbox 96 305 148 393; x_wconf 75' lang='grc' dir='ltr'><strong><em>τῷ</em></strong></span> <span class='ocrx_word' id='word_1_6' title='bbox 165 306 267 388; x_wconf 87' lang='grc' dir='ltr'><strong><em>τείχει</em></strong></span> <span class='ocrx_word' id='word_1_7' title='bbox 288 304 335 392; x_wconf 78' lang='grc' dir='ltr'><strong><em>τῷ</em></strong></span> <span class='ocrx_word' id='word_1_8' title='bbox 353 299 641 388; x_wconf 75' lang='grc' dir='ltr'><strong><em>καταπεπτωκότι,</em></strong></span> <span class='ocrx_word' id='word_1_9' title='bbox 666 301 862 390; x_wconf 77' lang='grc' dir='ltr'><strong><em>στενοτέρας</em></strong></span> <span class='ocrx_word' id='word_1_10' title='bbox 884 298 958 390; x_wconf 77' lang='grc' dir='ltr'><strong><em>τεῆ</em></strong></span> <span class='ocrx_word' id='word_1_11' title='bbox 980 301 1064 372; x_wconf 82' lang='grc' dir='ltr'><strong><em>κατά</em></strong></span> 
     </span>
     <span class='ocr_line' id='line_1_3' title="bbox 80 395 1063 490; baseline 0.007 -26"><span class='ocrx_word' id='word_1_12' title='bbox 80 401 136 470; x_wconf 88' lang='grc' dir='ltr'><strong><em>.τὸ</em></strong></span> <span class='ocrx_word' id='word_1_13' title='bbox 156 406 289 488; x_wconf 82' lang='grc' dir='ltr'><strong><em>πλῆθος</em></strong></span> <span class='ocrx_word' id='word_1_14' title='bbox 308 395 423 470; x_wconf 77' lang='grc' dir='ltr'><strong><em>αύτῶν</em></strong></span> <span class='ocrx_word' id='word_1_15' title='bbox 440 407 498 489; x_wconf 84' lang='grc' dir='ltr'><strong><em>τῆς</em></strong></span> <span class='ocrx_word' id='word_1_16' title='bbox 516 402 669 490; x_wconf 76' lang='grc' dir='ltr'><strong><em>παρόδου</em></strong></span> <span class='ocrx_word' id='word_1_17' title='bbox 688 400 792 489; x_wconf 84' lang='grc' dir='ltr'><strong><em>ούσης</em></strong></span> <span class='ocrx_word' id='word_1_18' title='bbox 809 402 866 470; x_wconf 77' lang='grc' dir='ltr'><strong><em>καὶ</em></strong></span> <span class='ocrx_word' id='word_1_19' title='bbox 883 408 952 472; x_wconf 79' lang='grc' dir='ltr'><strong><em>τῶν</em></strong></span> <span class='ocrx_word' id='word_1_20' title='bbox 965 430 1063 472; x_wconf 87' lang='grc' dir='ltr'><strong><em>κατε-</em></strong></span> 
     </span>
    </p>
   </div>
   <div class='ocr_carea' id='block_1_3' title="bbox 62 499 1117 3514">
    <p class='ocr_par' dir='ltr' id='par_1_3' title="bbox 96 499 1063 691">
     <span class='ocr_line' id='line_1_4' title="bbox 97 499 1063 593; baseline 0.001 -22"><span class='ocrx_word' id='word_1_21' title='bbox 97 503 315 592; x_wconf 87' lang='grc' dir='ltr'><strong><em>ρηριμμένων</em></strong></span> <span class='ocrx_word' id='word_1_22' title='bbox 327 503 387 571; x_wconf 86' lang='grc' dir='ltr'><strong><em>τού</em></strong></span> <span class='ocrx_word' id='word_1_23' title='bbox 405 508 537 589; x_wconf 82' lang='grc' dir='ltr'><strong><em>τείχους</em></strong></span> <span class='ocrx_word' id='word_1_24' title='bbox 554 501 704 590; x_wconf 77' lang='grc' dir='ltr'><strong><em>χαλεπὴν</em></strong></span> <span class='ocrx_word' id='word_1_25' title='bbox 720 501 782 590; x_wconf 73' lang='grc' dir='ltr'><strong><em>τὴν</em></strong></span> <span class='ocrx_word' id='word_1_26' title='bbox 794 499 984 593; x_wconf 74' lang='grc' dir='ltr'><strong><em>ὑπέρβασιν</em></strong></span> <span class='ocrx_word' id='word_1_27' title='bbox 997 501 1063 572; x_wconf 89' lang='grc' dir='ltr'><strong><em>αύ-</em></strong></span> 
     </span>
     <span class='ocr_line' id='line_1_5' title="bbox 96 602 739 691; baseline -0.002 -19"><span class='ocrx_word' id='word_1_28' title='bbox 96 617 170 683; x_wconf 80' lang='grc' dir='ltr'><strong><em>τοῑς</em></strong></span> <span class='ocrx_word' id='word_1_29' title='bbox 188 602 415 691; x_wconf 87' lang='grc' dir='ltr'><strong><em>παρεχόντων.</em></strong></span> <span class='ocrx_word' id='word_1_30' title='bbox 735 607 739 613; x_wconf 83' lang='grc'><strong>’</strong></span> 
     </span>
    </p>

    <p class='ocr_par' dir='ltr' id='par_1_4' title="bbox 70 701 1099 1195">
     <span class='ocr_line' id='line_1_6' title="bbox 70 701 1099 795; baseline -0.002 -22"><span class='ocrx_word' id='word_1_31' title='bbox 70 731 84 773; x_wconf 82' lang='grc' dir='ltr'><strong><em>ε</em></strong></span> <span class='ocrx_word' id='word_1_32' title='bbox 182 713 262 783; x_wconf 77' lang='grc' dir='ltr'><strong><em>Τοῖς</em></strong></span> <span class='ocrx_word' id='word_1_33' title='bbox 281 703 319 772; x_wconf 75' lang='grc' dir='ltr'><strong><em>δέ</em></strong></span> <span class='ocrx_word' id='word_1_34' title='bbox 337 701 421 772; x_wconf 87' lang='grc' dir='ltr'><strong><em>καιά</em></strong></span> <span class='ocrx_word' id='word_1_35' title='bbox 439 701 477 772; x_wconf 89' lang='grc' dir='ltr'><strong><em>τό</em></strong></span> <span class='ocrx_word' id='word_1_36' title='bbox 500 710 672 793; x_wconf 83' lang='grc' dir='ltr'><strong><em>Τρίπυλον</em></strong></span> <span class='ocrx_word' id='word_1_37' title='bbox 691 705 916 795; x_wconf 73' lang='grc' dir='ltr'><strong><em>ἐκδραμοῦσιν</em></strong></span> <span class='ocrx_word' id='word_1_38' title='bbox 934 703 1099 790; x_wconf 76' lang='grc' dir='ltr'><strong><em>άπήντα4</em></strong></span> 
     </span>
     <span class='ocr_line' id='line_1_7' title="bbox 97 801 1064 893; baseline 0.002 -19"><span class='ocrx_word' id='word_1_39' title='bbox 97 813 308 892; x_wconf 82' lang='grc' dir='ltr'><strong><em>Πτολεμαῖος</em></strong></span> <span class='ocrx_word' id='word_1_40' title='bbox 339 801 357 873; x_wconf 87' lang='grc' dir='ltr'><strong><em>ό</em></strong></span> <span class='ocrx_word' id='word_1_41' title='bbox 393 804 639 893; x_wconf 87' lang='grc' dir='ltr'><strong><em>σωματοφύλαξ</em></strong></span> <span class='ocrx_word' id='word_1_42' title='bbox 664 803 682 874; x_wconf 88' lang='grc' dir='ltr'>ὁ</span> <span class='ocrx_word' id='word_1_43' title='bbox 714 805 904 893; x_wconf 91' lang='grc' dir='ltr'><strong><em>βασιλικός,</em></strong></span> <span class='ocrx_word' id='word_1_44' title='bbox 934 805 997 893; x_wconf 78' lang='grc' dir='ltr'><strong><em>τήν</em></strong></span> <span class='ocrx_word' id='word_1_45' title='bbox 1028 833 1064 876; x_wconf 86' lang='grc' dir='ltr'><strong><em>τε</em></strong></span> 
     </span>
     <span class='ocr_line' id='line_1_8' title="bbox 95 900 1062 995; baseline -0.001 -20"><span class='ocrx_word' id='word_1_46' title='bbox 95 900 259 975; x_wconf 87' lang='grc' dir='ltr'><strong><em>Ἀδδαίου</em></strong></span> <span class='ocrx_word' id='word_1_47' title='bbox 291 905 347 973; x_wconf 86' lang='grc' dir='ltr'><strong><em>καὶ</em></strong></span> <span class='ocrx_word' id='word_1_48' title='bbox 387 904 580 995; x_wconf 76' lang='grc' dir='ltr'><strong><em>Τιμάνδρου</em></strong></span> <span class='ocrx_word' id='word_1_49' title='bbox 607 903 675 993; x_wconf 88' lang='grc' dir='ltr'><strong><em>άμα</em></strong></span> <span class='ocrx_word' id='word_1_50' title='bbox 698 901 735 974; x_wconf 82' lang='grc' dir='ltr'><strong><em>οἷ</em></strong></span> <span class='ocrx_word' id='word_1_51' title='bbox 762 905 855 988; x_wconf 88' lang='grc' dir='ltr'><strong><em>τάξιν</em></strong></span> <span class='ocrx_word' id='word_1_52' title='bbox 887 905 979 993; x_wconf 80' lang='grc' dir='ltr'><strong><em>άχων</em></strong></span> <span class='ocrx_word' id='word_1_53' title='bbox 1007 908 1062 974; x_wconf 79' lang='grc' dir='ltr'><strong><em>καὶ</em></strong></span> 
     </span>
     <span class='ocr_line' id='line_1_9' title="bbox 99 999 1064 1095; baseline 0.001 -21"><span class='ocrx_word' id='word_1_54' title='bbox 99 1012 192 1074; x_wconf 84' lang='grc' dir='ltr'><strong><em>ἔστιν</em></strong></span> <span class='ocrx_word' id='word_1_55' title='bbox 210 1003 271 1086; x_wconf 82' lang='grc' dir='ltr'><strong><em>ούς</em></strong></span> <span class='ocrx_word' id='word_1_56' title='bbox 289 1011 358 1074; x_wconf 75' lang='grc' dir='ltr'><strong><em>τῶν</em></strong></span> <span class='ocrx_word' id='word_1_57' title='bbox 376 1011 499 1087; x_wconf 73' lang='grc' dir='ltr'><strong><em>ψιλῶν·</em></strong></span> <span class='ocrx_word' id='word_1_58' title='bbox 518 1007 575 1075; x_wconf 84' lang='grc' dir='ltr'><strong><em>καὶ</em></strong></span> <span class='ocrx_word' id='word_1_59' title='bbox 592 999 685 1076; x_wconf 84' lang='grc' dir='ltr'><strong><em>ούτοι</em></strong></span> <span class='ocrx_word' id='word_1_60' title='bbox 702 1004 784 1076; x_wconf 73' lang='grc' dir='ltr'><strong><em>ούδὲ</em></strong></span> <span class='ocrx_word' id='word_1_61' title='bbox 798 1005 895 1076; x_wconf 84' lang='grc' dir='ltr'><strong><em>αύτολ</em></strong></span> <span class='ocrx_word' id='word_1_62' title='bbox 911 1012 1064 1095; x_wconf 78' lang='grc' dir='ltr'><strong><em>χαλεπῶς</em></strong></span> 
     </span>
     <span class='ocr_line' id='line_1_10' title="bbox 100 1105 1097 1195; baseline 0.002 -20"><span class='ocrx_word' id='word_1_63' title='bbox 100 1109 285 1193; x_wconf 77' lang='grc' dir='ltr'><strong><em>ἐτρέψαντο</em></strong></span> <span class='ocrx_word' id='word_1_64' title='bbox 302 1105 380 1186; x_wconf 80' lang='grc' dir='ltr'><strong><em>τοὺς</em></strong></span> <span class='ocrx_word' id='word_1_65' title='bbox 395 1108 445 1178; x_wconf 87' lang='grc' dir='ltr'><strong><em>,έκ</em></strong></span> <span class='ocrx_word' id='word_1_66' title='bbox 461 1111 519 1193; x_wconf 81' lang='grc' dir='ltr'><strong><em>τῆς</em></strong></span> <span class='ocrx_word' id='word_1_67' title='bbox 538 1106 674 1187; x_wconf 91' lang='grc' dir='ltr'><strong><em>πόλεως.</em></strong></span> <span class='ocrx_word' id='word_1_68' title='bbox 710 1109 833 1195; x_wconf 87' lang='grc' dir='ltr'><strong><em>ξυνέβη</em></strong></span> <span class='ocrx_word' id='word_1_69' title='bbox 851 1107 889 1177; x_wconf 73' lang='grc' dir='ltr'><strong><em>δὲ</em></strong></span> <span class='ocrx_word' id='word_1_70' title='bbox 907 1109 964 1176; x_wconf 80' lang='grc' dir='ltr'><strong><em>καὶ</em></strong></span> <span class='ocrx_word' id='word_1_71' title='bbox 980 1107 1062 1177; x_wconf 90' lang='grc' dir='ltr'><strong><em>τού·</em></strong></span> <span class='ocrx_word' id='word_1_72' title='bbox 1081 1119 1097 1169; x_wconf 83' lang='lat'><strong>⁶</strong></span> 
     </span>
    </p>

    <p class='ocr_par' dir='ltr' id='par_1_5' title="bbox 62 1202 1064 1699">
     <span class='ocr_line' id='line_1_11' title="bbox 62 1202 1064 1297; baseline 0.002 -21"><span class='ocrx_word' id='word_1_73' title='bbox 62 1236 85 1276; x_wconf 84' lang='lat'><strong><em>10</em></strong></span> <span class='ocrx_word' id='word_1_74' title='bbox 98 1235 168 1288; x_wconf 88' lang='grc' dir='ltr'><strong><em>τοις</em></strong></span> <span class='ocrx_word' id='word_1_75' title='bbox 195 1209 233 1276; x_wconf 86' lang='grc' dir='ltr'><strong><em>έν</em></strong></span> <span class='ocrx_word' id='word_1_76' title='bbox 255 1212 297 1296; x_wconf 77' lang='grc' dir='ltr'><strong><em>τῇ</em></strong></span> <span class='ocrx_word' id='word_1_77' title='bbox 321 1202 531 1295; x_wconf 73' lang='grc' dir='ltr'><strong><em>ἀποχωρήσει</em></strong></span> <span class='ocrx_word' id='word_1_78' title='bbox 555 1206 639 1276; x_wconf 89' lang='grc' dir='ltr'><strong><em>κατά</em></strong></span> <span class='ocrx_word' id='word_1_79' title='bbox 670 1207 792 1294; x_wconf 78' lang='grc' dir='ltr'><strong><em>στενὴν</em></strong></span> <span class='ocrx_word' id='word_1_80' title='bbox 823 1209 979 1297; x_wconf 76' lang='grc' dir='ltr'><strong><em>γέφυραν</em></strong></span> <span class='ocrx_word' id='word_1_81' title='bbox 1001 1209 1064 1296; x_wconf 80' lang='grc' dir='ltr'><strong><em>τὴν</em></strong></span> 
     </span>
     <span class='ocr_line' id='line_1_12' title="bbox 100 1307 1064 1396; baseline 0 -20"><span class='ocrx_word' id='word_1_82' title='bbox 100 1309 157 1376; x_wconf 82' lang='grc' dir='ltr'><strong><em>ἐπὶ</em></strong></span> <span class='ocrx_word' id='word_1_83' title='bbox 174 1312 234 1394; x_wconf 78' lang='grc' dir='ltr'><strong><em>τῆς</em></strong></span> <span class='ocrx_word' id='word_1_84' title='bbox 250 1307 383 1396; x_wconf 87' lang='grc' dir='ltr'><strong><em>τάφρου</em></strong></span> <span class='ocrx_word' id='word_1_85' title='bbox 397 1310 623 1395; x_wconf 79' lang='grc' dir='ltr'><strong><em>πεποιημένην</em></strong></span> <span class='ocrx_word' id='word_1_86' title='bbox 640 1307 807 1396; x_wconf 80' lang='grc' dir='ltr'><strong><em>φεύγουσι</em></strong></span> <span class='ocrx_word' id='word_1_87' title='bbox 823 1307 936 1396; x_wconf 79' lang='grc' dir='ltr'><strong><em>ιη’ντε</em></strong></span> <span class='ocrx_word' id='word_1_88' title='bbox 953 1311 1064 1395; x_wconf 81' lang='grc' dir='ltr'><strong><em>γέφυ-</em></strong></span> 
     </span>
     <span class='ocr_line' id='line_1_13' title="bbox 100 1402 1064 1498; baseline 0.003 -22"><span class='ocrx_word' id='word_1_89' title='bbox 100 1437 165 1498; x_wconf 92' lang='grc' dir='ltr'><strong><em>ραν</em></strong></span> <span class='ocrx_word' id='word_1_90' title='bbox 195 1403 307 1494; x_wconf 78' lang='grc' dir='ltr'><strong><em>αύτὴν</em></strong></span> <span class='ocrx_word' id='word_1_91' title='bbox 336 1402 406 1482; x_wconf 83' lang='grc' dir='ltr'><strong><em>ύπό</em></strong></span> <span class='ocrx_word' id='word_1_92' title='bbox 436 1407 589 1494; x_wconf 80' lang='grc' dir='ltr'><strong><em>πλήθους</em></strong></span> <span class='ocrx_word' id='word_1_93' title='bbox 619 1411 798 1498; x_wconf 77' lang='grc' dir='ltr'><strong><em>ξυντρῖψαι</em></strong></span> <span class='ocrx_word' id='word_1_94' title='bbox 829 1410 886 1478; x_wconf 81' lang='grc' dir='ltr'><strong><em>καὶ</em></strong></span> <span class='ocrx_word' id='word_1_95' title='bbox 917 1408 1064 1490; x_wconf 85' lang='grc' dir='ltr'><strong><em>πολλούς</em></strong></span> 
     </span>
     <span class='ocr_line' id='line_1_14' title="bbox 100 1507 1064 1599; baseline 0.001 -21"><span class='ocrx_word' id='word_1_96' title='bbox 100 1507 217 1579; x_wconf 82' lang='grc' dir='ltr'><strong><em>αύτάν</em></strong></span> <span class='ocrx_word' id='word_1_97' title='bbox 232 1510 265 1588; x_wconf 87' lang='grc' dir='ltr'><strong><em>ές</em></strong></span> <span class='ocrx_word' id='word_1_98' title='bbox 277 1507 341 1595; x_wconf 80' lang='grc' dir='ltr'><strong><em>την</em></strong></span> <span class='ocrx_word' id='word_1_99' title='bbox 352 1508 483 1597; x_wconf 91' lang='grc' dir='ltr'><strong><em>τάφρον</em></strong></span> <span class='ocrx_word' id='word_1_100' title='bbox 497 1508 701 1596; x_wconf 76' lang='grc' dir='ltr'><strong><em>ἐμπεσόντας</em></strong></span> <span class='ocrx_word' id='word_1_101' title='bbox 713 1508 793 1590; x_wconf 87' lang='grc' dir='ltr'><strong><em>τούς</em></strong></span> <span class='ocrx_word' id='word_1_102' title='bbox 806 1509 869 1597; x_wconf 70' lang='grc' dir='ltr'><strong><em>μέν</em></strong></span> <span class='ocrx_word' id='word_1_103' title='bbox 881 1508 951 1579; x_wconf 85' lang='grc' dir='ltr'><strong><em>ύπδ</em></strong></span> <span class='ocrx_word' id='word_1_104' title='bbox 965 1516 1064 1599; x_wconf 79' lang='grc' dir='ltr'><strong><em>σφόν</em></strong></span> 
     </span>
     <span class='ocr_line' id='line_1_15' title="bbox 100 1608 1064 1699; baseline 0.001 -20"><span class='ocrx_word' id='word_1_105' title='bbox 100 1610 397 1696; x_wconf 74' lang='grc' dir='ltr'><strong><em>καταπατηθέντας</em></strong></span> <span class='ocrx_word' id='word_1_106' title='bbox 422 1613 669 1699; x_wconf 76' lang='grc' dir='ltr'><strong><em>διαφθαρῆναι,</em></strong></span> <span class='ocrx_word' id='word_1_107' title='bbox 693 1608 773 1690; x_wconf 88' lang='grc' dir='ltr'><strong><em>τούς</em></strong></span> <span class='ocrx_word' id='word_1_108' title='bbox 798 1609 836 1678; x_wconf 75' lang='grc' dir='ltr'><strong><em>δὲ</em></strong></span> <span class='ocrx_word' id='word_1_109' title='bbox 855 1611 911 1679; x_wconf 80' lang='grc' dir='ltr'><strong><em>καὶ</em></strong></span> <span class='ocrx_word' id='word_1_110' title='bbox 929 1609 1064 1680; x_wconf 87' lang='grc' dir='ltr'><strong><em>άνωθεν</em></strong></span> 
     </span>
    </p>

    <p class='ocr_par' dir='ltr' id='par_1_6' title="bbox 64 1705 1098 2202">
     <span class='ocr_line' id='line_1_16' title="bbox 64 1705 1098 1798; baseline 0 -18"><span class='ocrx_word' id='word_1_111' title='bbox 64 1705 170 1780; x_wconf 77' lang='grc' dir='ltr'><strong><em>ωύπὸ</em></strong></span> <span class='ocrx_word' id='word_1_112' title='bbox 193 1716 263 1779; x_wconf 79' lang='grc' dir='ltr'><strong><em>τῶν</em></strong></span> <span class='ocrx_word' id='word_1_113' title='bbox 288 1709 500 1780; x_wconf 83' lang='grc' dir='ltr'><strong><em>Μακεδόνων</em></strong></span> <span class='ocrx_word' id='word_1_114' title='bbox 525 1712 764 1798; x_wconf 77' lang='grc' dir='ltr'><strong><em>βαλλομένους.</em></strong></span> <span class='ocrx_word' id='word_1_115' title='bbox 805 1708 823 1779; x_wconf 86' lang='grc' dir='ltr'>ὁ</span> <span class='ocrx_word' id='word_1_116' title='bbox 850 1719 1003 1791; x_wconf 78' lang='grc' dir='ltr'><strong><em>πλεῖστος</em></strong></span> <span class='ocrx_word' id='word_1_117' title='bbox 1026 1711 1098 1780; x_wconf 68' lang='grc' dir='ltr'><strong><em>δδδ</em></strong></span> 
     </span>
     <span class='ocr_line' id='line_1_17' title="bbox 101 1805 1063 1900; baseline 0 -20"><span class='ocrx_word' id='word_1_118' title='bbox 101 1810 206 1900; x_wconf 85' lang='grc' dir='ltr'><strong><em>φόνος</em></strong></span> <span class='ocrx_word' id='word_1_119' title='bbox 225 1811 303 1899; x_wconf 79' lang='grc' dir='ltr'><strong><em>περὶ</em></strong></span> <span class='ocrx_word' id='word_1_120' title='bbox 326 1825 399 1892; x_wconf 82' lang='grc' dir='ltr'><strong><em>ταῖς</em></strong></span> <span class='ocrx_word' id='word_1_121' title='bbox 423 1810 543 1890; x_wconf 78' lang='grc' dir='ltr'><strong><em>πύλαις</em></strong></span> <span class='ocrx_word' id='word_1_122' title='bbox 568 1805 687 1891; x_wconf 83' lang='grc' dir='ltr'><strong><em>αύταίς</em></strong></span> <span class='ocrx_word' id='word_1_123' title='bbox 705 1812 840 1898; x_wconf 79' lang='grc' dir='ltr'><strong><em>ξυνέβη,</em></strong></span> <span class='ocrx_word' id='word_1_124' title='bbox 864 1811 914 1880; x_wconf 83' lang='grc' dir='ltr'><strong><em>ὅτι</em></strong></span> <span class='ocrx_word' id='word_1_125' title='bbox 934 1809 956 1898; x_wconf 80' lang='grc' dir='ltr'><em>ἡ</em></span> <span class='ocrx_word' id='word_1_126' title='bbox 980 1810 1063 1898; x_wconf 82' lang='grc' dir='ltr'><strong><em>ξύγ-</em></strong></span> 
     </span>
     <span class='ocr_line' id='line_1_18' title="bbox 101 1911 1063 2000; baseline 0 -19"><span class='ocrx_word' id='word_1_127' title='bbox 101 1921 223 1991; x_wconf 90' lang='grc' dir='ltr'><strong><em>κλεισις</em></strong></span> <span class='ocrx_word' id='word_1_128' title='bbox 247 1915 316 1982; x_wconf 80' lang='grc' dir='ltr'><strong><em>των</em></strong></span> <span class='ocrx_word' id='word_1_129' title='bbox 333 1915 453 1980; x_wconf 80' lang='grc' dir='ltr'><strong><em>πυλῶν</em></strong></span> <span class='ocrx_word' id='word_1_130' title='bbox 477 1911 606 1999; x_wconf 89' lang='grc' dir='ltr'><strong><em>φοβερά</em></strong></span> <span class='ocrx_word' id='word_1_131' title='bbox 630 1912 744 1980; x_wconf 81' lang='grc' dir='ltr'><strong><em>τεκαὶ</em></strong></span> <span class='ocrx_word' id='word_1_132' title='bbox 768 1911 834 2000; x_wconf 88' lang='grc' dir='ltr'><strong><em>πρό</em></strong></span> <span class='ocrx_word' id='word_1_133' title='bbox 861 1917 921 1979; x_wconf 86' lang='grc' dir='ltr'><strong><em>τοῦ</em></strong></span> <span class='ocrx_word' id='word_1_134' title='bbox 945 1915 1063 1998; x_wconf 83' lang='grc' dir='ltr'><strong><em>καιροῦ</em></strong></span> 
     </span>
     <span class='ocr_line' id='line_1_19' title="bbox 102 2010 1062 2101; baseline -0.001 -19"><span class='ocrx_word' id='word_1_135' title='bbox 102 2013 280 2101; x_wconf 76' lang='grc' dir='ltr'><strong><em>γενομένη,</em></strong></span> <span class='ocrx_word' id='word_1_136' title='bbox 298 2011 483 2082; x_wconf 81' lang='grc' dir='ltr'><strong><em>δεισάντων</em></strong></span> <span class='ocrx_word' id='word_1_137' title='bbox 496 2010 541 2099; x_wconf 79' lang='grc' dir='ltr'><strong><em>μη</em></strong></span> <span class='ocrx_word' id='word_1_138' title='bbox 561 2013 811 2080; x_wconf 86' lang='grc' dir='ltr'><strong><em>συνεισπέσοιεν</em></strong></span> <span class='ocrx_word' id='word_1_139' title='bbox 828 2026 898 2091; x_wconf 76' lang='grc' dir='ltr'><strong><em>τοῖς</em></strong></span> <span class='ocrx_word' id='word_1_140' title='bbox 911 2011 1062 2100; x_wconf 81' lang='grc' dir='ltr'><strong><em>φεύγου-</em></strong></span> 
     </span>
     <span class='ocr_line' id='line_1_20' title="bbox 103 2109 1069 2202; baseline 0 -19"><span class='ocrx_word' id='word_1_141' title='bbox 103 2135 157 2184; x_wconf 88' lang='grc' dir='ltr'><strong><em>σιν</em></strong></span> <span class='ocrx_word' id='word_1_142' title='bbox 175 2110 327 2202; x_wconf 82' lang='grc' dir='ltr'><strong><em>ἐχόμενοι</em></strong></span> <span class='ocrx_word' id='word_1_143' title='bbox 345 2109 461 2180; x_wconf 82' lang='grc' dir='ltr'><strong><em>αύτάν</em></strong></span> <span class='ocrx_word' id='word_1_144' title='bbox 479 2116 514 2180; x_wconf 78' lang='grc' dir='ltr'><strong><em>ολ</em></strong></span> <span class='ocrx_word' id='word_1_145' title='bbox 530 2111 738 2199; x_wconf 87' lang='grc' dir='ltr'><strong><em>Μακεδόνες,</em></strong></span> <span class='ocrx_word' id='word_1_146' title='bbox 757 2111 904 2192; x_wconf 89' lang='grc' dir='ltr'><strong><em>πολλούς</em></strong></span> <span class='ocrx_word' id='word_1_147' title='bbox 921 2113 978 2181; x_wconf 87' lang='grc' dir='ltr'><strong><em>καὶ</em></strong></span> <span class='ocrx_word' id='word_1_148' title='bbox 995 2119 1069 2182; x_wconf 80' lang='grc' dir='ltr'><strong><em>τάν</em></strong></span> 
     </span>
    </p>

    <p class='ocr_par' dir='ltr' id='par_1_7' title="bbox 68 2208 1099 2706">
     <span class='ocr_line' id='line_1_21' title="bbox 68 2208 1064 2303; baseline -0.003 -18"><span class='ocrx_word' id='word_1_149' title='bbox 68 2243 92 2284; x_wconf 82' lang='grc' dir='ltr'><strong><em>ιο</em></strong></span> <span class='ocrx_word' id='word_1_150' title='bbox 103 2221 226 2303; x_wconf 90' lang='grc' dir='ltr'><strong><em>φιλίων</em></strong></span> <span class='ocrx_word' id='word_1_151' title='bbox 242 2220 301 2301; x_wconf 79' lang='grc' dir='ltr'><strong><em>τῆς</em></strong></span> <span class='ocrx_word' id='word_1_152' title='bbox 315 2213 449 2282; x_wconf 75' lang='grc' dir='ltr'><strong><em>εἰσόδου</em></strong></span> <span class='ocrx_word' id='word_1_153' title='bbox 464 2209 675 2300; x_wconf 75' lang='grc' dir='ltr'><strong><em>ἀπέκλεισεν,</em></strong></span> <span class='ocrx_word' id='word_1_154' title='bbox 689 2210 751 2294; x_wconf 80' lang='grc' dir='ltr'><strong><em>ούς</em></strong></span> <span class='ocrx_word' id='word_1_155' title='bbox 767 2212 851 2302; x_wconf 88' lang='grc' dir='ltr'><strong><em>πρός</em></strong></span> <span class='ocrx_word' id='word_1_156' title='bbox 865 2208 981 2293; x_wconf 83' lang='grc' dir='ltr'><strong><em>αύτοῑς</em></strong></span> <span class='ocrx_word' id='word_1_157' title='bbox 994 2228 1064 2294; x_wconf 76' lang='grc' dir='ltr'><strong><em>τοῖς</em></strong></span> 
     </span>
     <span class='ocr_line' id='line_1_22' title="bbox 103 2311 1099 2404; baseline -0.007 -19"><span class='ocrx_word' id='word_1_158' title='bbox 103 2323 246 2402; x_wconf 84' lang='grc' dir='ltr'><strong><em>τείχεσιν</em></strong></span> <span class='ocrx_word' id='word_1_159' title='bbox 263 2319 298 2384; x_wconf 88' lang='grc' dir='ltr'><strong><em>οί</em></strong></span> <span class='ocrx_word' id='word_1_160' title='bbox 315 2311 513 2393; x_wconf 87' lang='grc' dir='ltr'><strong><em>Μακεδόνες</em></strong></span> <span class='ocrx_word' id='word_1_161' title='bbox 531 2315 736 2403; x_wconf 85' lang='grc' dir='ltr'><strong><em>διέφθειραν.</em></strong></span> <span class='ocrx_word' id='word_1_162' title='bbox 769 2315 827 2383; x_wconf 79' lang='grc' dir='ltr'><strong><em>καὶ</em></strong></span> <span class='ocrx_word' id='word_1_163' title='bbox 844 2311 926 2404; x_wconf 88' lang='grc' dir='ltr'><strong><em>παρ’</em></strong></span> <span class='ocrx_word' id='word_1_164' title='bbox 946 2311 1099 2401; x_wconf 71' lang='grc' dir='ltr'><strong><em>όλίχονλ</em></strong></span> 
     </span>
     <span class='ocr_line' id='line_1_23' title="bbox 103 2409 1065 2505; baseline -0.002 -19"><span class='ocrx_word' id='word_1_165' title='bbox 103 2410 183 2505; x_wconf 76' lang='grc' dir='ltr'><strong><em>ἧκεν</em></strong></span> <span class='ocrx_word' id='word_1_166' title='bbox 196 2410 324 2484; x_wconf 81' lang='grc' dir='ltr'><strong><em>άλῶναι</em></strong></span> <span class='ocrx_word' id='word_1_167' title='bbox 341 2409 483 2502; x_wconf 80' lang='grc' dir='ltr'><strong><em>ἡπόλις,</em></strong></span> <span class='ocrx_word' id='word_1_168' title='bbox 502 2419 535 2483; x_wconf 91' lang='grc' dir='ltr'><strong><em>εί</em></strong></span> <span class='ocrx_word' id='word_1_169' title='bbox 549 2413 594 2502; x_wconf 78' lang='grc' dir='ltr'><strong><em>μὴ</em></strong></span> <span class='ocrx_word' id='word_1_170' title='bbox 609 2411 824 2504; x_wconf 78' lang='grc' dir='ltr'><strong><em>Ἀλέξανδρος</em></strong></span> <span class='ocrx_word' id='word_1_171' title='bbox 842 2412 1065 2485; x_wconf 78' lang='grc' dir='ltr'><strong><em>ἀνεκαλέσατο</em></strong></span> 
     </span>
     <span class='ocr_line' id='line_1_24' title="bbox 104 2515 1064 2606; baseline -0.002 -19"><span class='ocrx_word' id='word_1_172' title='bbox 104 2517 139 2588; x_wconf 85' lang='grc' dir='ltr'><strong><em>τό</em></strong></span> <span class='ocrx_word' id='word_1_173' title='bbox 157 2516 358 2606; x_wconf 84' lang='grc' dir='ltr'><strong><em>στράτευμα,</em></strong></span> <span class='ocrx_word' id='word_1_174' title='bbox 377 2523 424 2586; x_wconf 85' lang='grc' dir='ltr'><strong><em>ἔτι</em></strong></span> <span class='ocrx_word' id='word_1_175' title='bbox 445 2519 606 2584; x_wconf 77' lang='grc' dir='ltr'><strong><em>διασῶσαι</em></strong></span> <span class='ocrx_word' id='word_1_176' title='bbox 624 2515 753 2584; x_wconf 80' lang='grc' dir='ltr'><strong><em>ἐθέλων</em></strong></span> <span class='ocrx_word' id='word_1_177' title='bbox 768 2515 833 2604; x_wconf 76' lang='grc' dir='ltr'><strong><em>’τὴν</em></strong></span> <span class='ocrx_word' id='word_1_178' title='bbox 847 2515 1064 2604; x_wconf 78' lang='grc' dir='ltr'><strong><em>Ἁλικαρνασ-</em></strong></span> 
     </span>
     <span class='ocr_line' id='line_1_25' title="bbox 106 2613 1064 2706; baseline -0.002 -18"><span class='ocrx_word' id='word_1_179' title='bbox 106 2619 178 2705; x_wconf 87' lang='grc' dir='ltr'><strong><em>σόν,</em></strong></span> <span class='ocrx_word' id='word_1_180' title='bbox 203 2628 237 2687; x_wconf 86' lang='grc' dir='ltr'><strong><em>εί</em></strong></span> <span class='ocrx_word' id='word_1_181' title='bbox 256 2645 287 2686; x_wconf 90' lang='grc' dir='ltr'><strong><em>τι</em></strong></span> <span class='ocrx_word' id='word_1_182' title='bbox 312 2624 426 2704; x_wconf 91' lang='grc' dir='ltr'><strong><em>φίλιον</em></strong></span> <span class='ocrx_word' id='word_1_183' title='bbox 445 2618 601 2703; x_wconf 78' lang='grc' dir='ltr'><strong><em>ἐνδοθείη</em></strong></span> <span class='ocrx_word' id='word_1_184' title='bbox 625 2618 747 2684; x_wconf 77' lang='grc' dir='ltr'><strong><em>ἐκτῶν</em></strong></span> <span class='ocrx_word' id='word_1_185' title='bbox 766 2613 1064 2706; x_wconf 75' lang='grc' dir='ltr'><strong><em>Ἁλικαρνασσέων.</em></strong></span> 
     </span>
    </p>

    <p class='ocr_par' dir='ltr' id='par_1_8' title="bbox 71 2715 1068 3213">
     <span class='ocr_line' id='line_1_26' title="bbox 71 2715 1066 2805; baseline -0.002 -16"><span class='ocrx_word' id='word_1_186' title='bbox 71 2745 94 2789; x_wconf 79' lang='grc' dir='ltr'><strong><em>ω</em></strong></span> <span class='ocrx_word' id='word_1_187' title='bbox 106 2719 279 2788; x_wconf 80' lang='grc' dir='ltr'><strong><em>ἀπέθανον</em></strong></span> <span class='ocrx_word' id='word_1_188' title='bbox 292 2717 330 2786; x_wconf 72' lang='grc' dir='ltr'><strong><em>δέ</em></strong></span> <span class='ocrx_word' id='word_1_189' title='bbox 347 2723 416 2786; x_wconf 79' lang='grc' dir='ltr'><strong><em>τῶν</em></strong></span> <span class='ocrx_word' id='word_1_190' title='bbox 433 2717 495 2805; x_wconf 70' lang='grc' dir='ltr'><strong><em>μὲν</em></strong></span> <span class='ocrx_word' id='word_1_191' title='bbox 513 2719 550 2786; x_wconf 86' lang='grc' dir='ltr'><strong><em>έκ</em></strong></span> <span class='ocrx_word' id='word_1_192' title='bbox 567 2722 626 2804; x_wconf 83' lang='grc' dir='ltr'><strong><em>τῆς</em></strong></span> <span class='ocrx_word' id='word_1_193' title='bbox 643 2715 771 2796; x_wconf 91' lang='grc' dir='ltr'><strong><em>πόλεως</em></strong></span> <span class='ocrx_word' id='word_1_194' title='bbox 790 2720 823 2797; x_wconf 82' lang='grc' dir='ltr'><strong><em>ές</em></strong></span> <span class='ocrx_word' id='word_1_195' title='bbox 840 2724 978 2805; x_wconf 89' lang='grc' dir='ltr'><strong><em>χιλίους,</em></strong></span> <span class='ocrx_word' id='word_1_196' title='bbox 996 2721 1066 2788; x_wconf 83' lang='grc' dir='ltr'><strong><em>τάν</em></strong></span> 
     </span>
     <span class='ocr_line' id='line_1_27' title="bbox 106 2815 1066 2912; baseline -0.003 -22"><span class='ocrx_word' id='word_1_197' title='bbox 106 2821 143 2890; x_wconf 71' lang='grc' dir='ltr'><strong><em>δὲ</em></strong></span> <span class='ocrx_word' id='word_1_198' title='bbox 160 2819 225 2902; x_wconf 86' lang='grc' dir='ltr'><strong><em>ξύν</em></strong></span> <span class='ocrx_word' id='word_1_199' title='bbox 239 2817 446 2912; x_wconf 81' lang='grc' dir='ltr'><strong><em>Ἀλεξάνδρῳ</em></strong></span> <span class='ocrx_word' id='word_1_200' title='bbox 465 2815 552 2908; x_wconf 88' lang='grc' dir='ltr'><strong><em>άμφὶ</em></strong></span> <span class='ocrx_word' id='word_1_201' title='bbox 568 2817 647 2897; x_wconf 87' lang='grc' dir='ltr'><strong><em>τούς</em></strong></span> <span class='ocrx_word' id='word_1_202' title='bbox 664 2817 928 2904; x_wconf 81' lang='grc' dir='ltr'><strong><em>τεσσαράκοντα,</em></strong></span> <span class='ocrx_word' id='word_1_203' title='bbox 953 2819 1010 2886; x_wconf 82' lang='grc' dir='ltr'><strong><em>καὶ</em></strong></span> <span class='ocrx_word' id='word_1_204' title='bbox 1029 2821 1066 2887; x_wconf 88' lang='grc' dir='ltr'><strong><em>έν</em></strong></span> 
     </span>
     <span class='ocr_line' id='line_1_28' title="bbox 105 2911 1066 3008; baseline -0.005 -16"><span class='ocrx_word' id='word_1_205' title='bbox 105 2922 234 3002; x_wconf 81' lang='grc' dir='ltr'><strong><em>τούτοις</em></strong></span> <span class='ocrx_word' id='word_1_206' title='bbox 251 2919 458 3008; x_wconf 77' lang='grc' dir='ltr'><strong><em>Πτολεμαῖός</em></strong></span> <span class='ocrx_word' id='word_1_207' title='bbox 476 2946 512 2989; x_wconf 92' lang='grc' dir='ltr'><strong><em>τε</em></strong></span> <span class='ocrx_word' id='word_1_208' title='bbox 529 2911 547 2988; x_wconf 88' lang='grc' dir='ltr'><strong><em>ό</em></strong></span> <span class='ocrx_word' id='word_1_209' title='bbox 567 2916 807 3006; x_wconf 79' lang='grc' dir='ltr'><strong><em>σωματοφύλαξ</em></strong></span> <span class='ocrx_word' id='word_1_210' title='bbox 826 2919 883 2986; x_wconf 81' lang='grc' dir='ltr'><strong><em>καὶ</em></strong></span> <span class='ocrx_word' id='word_1_211' title='bbox 896 2919 1066 3006; x_wconf 86' lang='grc' dir='ltr'><strong><em>Κλέαρχος</em></strong></span> 
     </span>
     <span class='ocr_line' id='line_1_29' title="bbox 106 3011 1068 3110; baseline -0.004 -17"><span class='ocrx_word' id='word_1_212' title='bbox 106 3021 122 3093; x_wconf 85' lang='grc' dir='ltr'><strong><em>δ</em></strong></span> <span class='ocrx_word' id='word_1_213' title='bbox 138 3022 296 3110; x_wconf 87' lang='grc' dir='ltr'><strong><em>τοξάρχης</em></strong></span> <span class='ocrx_word' id='word_1_214' title='bbox 314 3021 370 3091; x_wconf 79' lang='grc' dir='ltr'><strong><em>καὶ</em></strong></span> <span class='ocrx_word' id='word_1_215' title='bbox 384 3018 556 3107; x_wconf 83' lang='grc' dir='ltr'><strong><em>Ἀδδαῖος,</em></strong></span> <span class='ocrx_word' id='word_1_216' title='bbox 574 3026 742 3108; x_wconf 90' lang='grc' dir='ltr'><strong><em>χιλίαρχος</em></strong></span> <span class='ocrx_word' id='word_1_217' title='bbox 759 3011 876 3106; x_wconf 80' lang='grc' dir='ltr'><strong><em>οὗτος,</em></strong></span> <span class='ocrx_word' id='word_1_218' title='bbox 900 3019 956 3088; x_wconf 87' lang='grc' dir='ltr'><strong><em>καὶ</em></strong></span> <span class='ocrx_word' id='word_1_219' title='bbox 973 3015 1068 3089; x_wconf 90' lang='grc' dir='ltr'><strong><em>άλλοι</em></strong></span> 
     </span>
     <span class='ocr_line' id='line_1_30' title="bbox 107 3119 735 3213; baseline -0.008 -20"><span class='ocrx_word' id='word_1_220' title='bbox 107 3131 172 3194; x_wconf 80' lang='grc' dir='ltr'><strong><em>τάν</em></strong></span> <span class='ocrx_word' id='word_1_221' title='bbox 196 3123 260 3193; x_wconf 88' lang='grc' dir='ltr'><strong><em>ούκ</em></strong></span> <span class='ocrx_word' id='word_1_222' title='bbox 279 3121 496 3213; x_wconf 82' lang='grc' dir='ltr'><strong><em>ἠμελημένων</em></strong></span> <span class='ocrx_word' id='word_1_223' title='bbox 515 3119 735 3192; x_wconf 90' lang='grc' dir='ltr'><strong><em>Μακεδόνων.</em></strong></span> 
     </span>
    </p>

    <p class='ocr_par' dir='ltr' id='par_1_9' title="bbox 77 3219 1117 3514">
     <span class='ocr_line' id='line_1_31' title="bbox 77 3219 1117 3311; baseline 0.005 -20"><span class='ocrx_word' id='word_1_224' title='bbox 77 3248 99 3291; x_wconf 82' lang='grc' dir='ltr'><strong><em>ω</em></strong></span> <span class='ocrx_word' id='word_1_225' title='bbox 170 3225 280 3296; x_wconf 78' lang='grc' dir='ltr'><strong><em>Ἔνθα</em></strong></span> <span class='ocrx_word' id='word_1_226' title='bbox 297 3223 340 3311; x_wconf 80' lang='grc' dir='ltr'><strong><em>δὴ</em></strong></span> <span class='ocrx_word' id='word_1_227' title='bbox 358 3222 578 3304; x_wconf 84' lang='grc' dir='ltr'><strong><em>ξυνελθόντες</em></strong></span> <span class='ocrx_word' id='word_1_228' title='bbox 596 3225 631 3290; x_wconf 84' lang='grc' dir='ltr'><strong><em>ολ</em></strong></span> <span class='ocrx_word' id='word_1_229' title='bbox 647 3219 808 3308; x_wconf 84' lang='grc' dir='ltr'><strong><em>ἡγεμόνες</em></strong></span> <span class='ocrx_word' id='word_1_230' title='bbox 826 3225 896 3290; x_wconf 79' lang='grc' dir='ltr'><strong><em>τῶν</em></strong></span> <span class='ocrx_word' id='word_1_231' title='bbox 909 3224 1066 3310; x_wconf 76' lang='grc' dir='ltr'><strong><em>Περσῶν,</em></strong></span> <span class='ocrx_word' id='word_1_232' title='bbox 1075 3229 1117 3296; x_wconf 84' lang='grc'><strong><em>23</em></strong></span> 
     </span>
     <span class='ocr_line' id='line_1_32' title="bbox 105 3321 1067 3414; baseline -0.007 -17"><span class='ocrx_word' id='word_1_233' title='bbox 105 3323 337 3414; x_wconf 87' lang='grc' dir='ltr'><strong><em>Ὀροντοβάτης</em></strong></span> <span class='ocrx_word' id='word_1_234' title='bbox 361 3351 397 3393; x_wconf 87' lang='grc' dir='ltr'><strong><em>τε</em></strong></span> <span class='ocrx_word' id='word_1_235' title='bbox 417 3323 473 3392; x_wconf 84' lang='grc' dir='ltr'><strong><em>καὶ</em></strong></span> <span class='ocrx_word' id='word_1_236' title='bbox 492 3325 655 3412; x_wconf 87' lang='grc' dir='ltr'><strong><em>Μέμνων,</em></strong></span> <span class='ocrx_word' id='word_1_237' title='bbox 674 3321 731 3390; x_wconf 84' lang='grc' dir='ltr'><strong><em>καὶ</em></strong></span> <span class='ocrx_word' id='word_1_238' title='bbox 750 3323 871 3391; x_wconf 80' lang='grc' dir='ltr'><strong><em>ἐκτῶν</em></strong></span> <span class='ocrx_word' id='word_1_239' title='bbox 888 3322 1067 3412; x_wconf 89' lang='grc' dir='ltr'><strong><em>παρόντων</em></strong></span> 
     </span>
     <span class='ocr_line' id='line_1_33' title="bbox 108 3421 1067 3514; baseline -0.005 -19"><span class='ocrx_word' id='word_1_240' title='bbox 108 3428 243 3514; x_wconf 85' lang='grc' dir='ltr'><strong><em>χνόντες</em></strong></span> <span class='ocrx_word' id='word_1_241' title='bbox 268 3430 356 3514; x_wconf 88' lang='grc' dir='ltr'><strong><em>σφάς</em></strong></span> <span class='ocrx_word' id='word_1_242' title='bbox 379 3451 415 3494; x_wconf 89' lang='grc' dir='ltr'><strong><em>τε</em></strong></span> <span class='ocrx_word' id='word_1_243' title='bbox 438 3422 479 3493; x_wconf 86' lang='grc' dir='ltr'><strong><em>ού</em></strong></span> <span class='ocrx_word' id='word_1_244' title='bbox 504 3424 715 3512; x_wconf 91' lang='grc' dir='ltr'><strong><em>δυναμένους</em></strong></span> <span class='ocrx_word' id='word_1_245' title='bbox 739 3424 793 3493; x_wconf 83' lang='grc' dir='ltr'><strong><em>έπλ</em></strong></span> <span class='ocrx_word' id='word_1_246' title='bbox 811 3422 898 3493; x_wconf 85' lang='grc' dir='ltr'><strong><em>πολύ</em></strong></span> <span class='ocrx_word' id='word_1_247' title='bbox 917 3421 1067 3510; x_wconf 85' lang='grc' dir='ltr'><strong><em>άυτέχειν</em></strong></span> 
     </span>
    </p>
   </div>
   <div class='ocr_carea' id='block_1_4' title="bbox 0 0 1290 3920">
    <p class='ocr_par' dir='ltr' id='par_1_10' title="bbox 0 0 1290 3920">
     <span class='ocr_line' id='line_1_34' title="bbox 0 0 1290 3920; baseline 0 0"><span class='ocrx_word' id='word_1_248' title='bbox 0 0 1290 3920; x_wconf 95' lang='lat' dir='ltr'><strong><em> </em></strong></span> 
     </span>
    </p>
   </div>
  </div>
 </body>
</html>
