2632 3922
474 185 704 250 εοεεεειει,
721 191 764 240 ao.
1045 189 1106 250 199

133 351 213 416 κλετ
227 341 356 432 άπορος
374 342 552 438 γενομένη,
573 343 631 411 καί
650 347 754 414 ἔθυεν
773 336 827 412 ἐπ’
847 341 936 432 αὐτῇ
948 338 1106 424 Ἀλέξαν-

134 450 217 533 δρος
230 445 288 511 καὶ
301 443 527 512 κατεσκεύασε
539 442 718 532 φρούριον,
732 443 905 529 παραδούς
920 445 1105 536 Σισικόττῳ

137 547 366 632 ἐπιμελείσθω
391 546 450 630 τῆς
476 545 642 632 φρουράς,
669 541 707 624 δς
735 547 768 624 ἐξ
784 543 902 613 Ἰνδῶν
918 544 982 630 μὲν
1000 545 1105 614 πάλαι

135 645 359 734 ηὐτομολήκει
374 647 409 724 ές
422 644 559 733 Βάκτρα
571 643 662 730 παρὰ
671 648 818 732 Βῆσσον,
829 642 1052 729 Ἀλεξάνδρου
1065 645 1106 714 δέ

91 771 107 811 ε
136 746 362 832 κατασχόντος
383 742 447 831 τὴν
464 743 580 832 χῶραν
597 744 659 831 τὴν
672 752 842 834 Βακτρίαν
862 746 1108 835 ξυνεστράτευέ
1149 731 1155 747 ’

135 873 174 916 τε
197 843 292 936 αύτῷ
315 845 374 914 καί
401 842 517 924 πιστός
541 846 575 925 ές
598 844 639 912 τά
662 845 804 933 μάλιστα
829 848 994 932 ἐφαίνετο.
1035 845 1040 856 ’

204 944 309 1036 Ἀρας
341 943 374 1014 δ’
410 947 447 1016 Au
477 950 537 1032 τῆς
572 945 695 1030 πέτρας
730 948 763 1025 ἐς
795 945 858 1032 τὴν
886 944 1139 1032 Ἀσσακηνῶνῡ

137 1046 253 1136 χῶραν
271 1046 435 1134 ἐμβάλλει.
477 1045 538 1114 τόν
558 1044 624 1134 γάρ
647 1045 799 1133 άδελφδν
815 1048 876 1115 τδν
893 1045 1102 1132 Ἀσσακηνοῦ

139 1148 353 1272 ἐξηγγέλλετο
367 1147 448 1226 τούς
461 1171 496 1214 τε
511 1149 694 1232 ἐλέφαντας
711 1153 828 1234 ἔχοντα
842 1147 899 1216 καὶ
913 1150 981 1215 τῶν
995 1167 1105 1234 6906-

97 1276 125 1316 ιο
139 1249 260 1338 χῶρων
273 1247 458 1368 βαρβάρῳν
469 1246 619 1370 πρλλοός
632 1249 905 1336 ξυμπεφευγέναι
919 1247 1002 1328 ἐς
966 1275 1007 1315 τα
1016 1247 1102 1316 ταύ-

137 1377 179 1440 τη
206 1348 279 1439 ὅρη.
324 1341 429 1416 ταδ’
408 1347 613 1436 αφικόμενος
630 1354 679 1428 εἰς
697 1349 818 1438 Δύρτα
836 1348 935 1417 πόλιν
952 1353 1021 1416 τῶν
1007 1347 1104 1452 μὲν

140 1449 367 1520 ἐνοικούντων
385 1445 512 1517 οόδένα
529 1449 776 1568 καταλαμβάνει
794 1447 876 1518 οὐδὲ
894 1452 990 1518 ἐν
948 1476 989 1537 τη
1007 1431 1106 1538 χῶρα

138 1554 184 1640 τῇ
209 1550 294 1640 πρὸς
319 1552 362 1638 τῇ
389 1549 500 1618 πόλει·
542 1551 576 1628 ἐς
600 1549 639 1617 δὲ
662 1549 725 1636 τὴν
742 1550 928 1675 όστεραίαν
946 1549 1105 1637 Νέαρχόν

139 1677 176 1720 τε
201 1656 259 1720 καί
273 1651 447 1735 Ἀντίοχον
471 1648 554 1730 τούς
580 1649 772 1738 χιλιάρχους
795 1654 863 1718 τῶν
880 1648 1105 1719 ὑπασπιστῶν

100 1777 126 1818 ιε
142 1754 314 1838 ἐκπέμπει·
332 1751 390 1819 καί
405 1749 551 1841 Νεάρχῳ
568 1749 631 1837 μὲν
648 1750 729 1830 τούς
741 1745 920 1838 Ἀγριᾶνας
934 1753 993 1819 καί
1006 1749 1104 1829 τούς
1122 1762 1139 1812 ο

140 1851 262 1933 ψιλούς
279 1850 373 1938 ἄγειν
388 1855 528 1938 ἔδωκεν,
542 1849 702 1943 Ἀντιόχῳ
723 1849 761 1919 δὲ
774 1852 835 1937 τήν
848 1877 884 1920 τε
897 1850 1005 1919 αότοῦ
1020 1859 1105 1937 χιλι-

130 1961 263 2043 αρχίαν
280 1953 340 2022 καὶ
357 1950 424 2020 δύο
443 1953 499 2020 ἐπὶ
515 1950 624 2039 ταύτη
644 1949 757 2030 ἄλλας.
795 1951 990 2020 ἐστέλλοντο
1008 1951 1047 2020 δὲ
1062 1950 1107 2018 τά

139 2079 177 2122 τε
202 2061 309 2143 χωρία
334 2051 558 2140 κατοψόμενοι
574 2051 640 2120 ,καὶ
666 2061 702 2120 εί
724 2051 793 2120 πού
818 2078 910 2130 τινας
928 2055 997 2120 τῶν
1019 2057 1106 2138 βαρ-

140 2155 257 2244 βάρων
283 2155 466 2241 ξυλλαβεῖν
493 2155 527 2232 ἐς
551 2158 690 2239 ἔλεγχον
708 2155 778 2222 τῶν
796 2150 880 2220 κατοὶ
899 2151 962 2238 τὴν
979 2150 1107 2239 χῶραν,

102 2282 129 2320 οο
142 2261 212 2324 τῶν
238 2282 275 2324 τε
300 2253 413 2323 ἄλλων
437 2254 496 2322 καὶ
521 2253 663 2341 μάλιστα
689 2251 732 2340 δὴ
759 2250 800 2321 τά
823 2251 913 2343 ἀμφὶ
930 2253 1012 2332 τούς
1031 2253 1106 2322 ε’λέ-

140 2383 270 2445 φαντας
298 2362 414 2443 ἔμελεν
439 2353 534 2445 αύτῷ
560 2364 696 2440 μαθεῖν.
1092 2373 1094 2376 ·

219 2455 334 2534 Αὐτός
352 2451 433 2524 δε
409 2481 457 2534 ως
481 2456 536 2523 ἐπι
561 2455 622 2523 τόν
636 2452 745 2524 Ἰνδδν
770 2452 922 2576 πρταμόν
944 2445 1055 2577 ἤδη
1031 2467 1141 2541 ηγε,7
1219 2471 1225 2482 ·

141 2551 235 2628 καθ’
215 2555 412 2679 ηστρατιά
412 2549 505 2678 αότῳ
525 2553 723 2625 ῶδοποιεῑτο
742 2554 858 2643 πρόσω
879 2553 1017 2625 ίοῶσα”
994 2579 1108 2642 απορα

143 2655 289 2736 άλλως”
270 2683 352 2726 οντα
369 2651 412 2724 τά
430 2654 538 2742 ταύτη
557 2663 671 2745 χωρία
709 2659 861 2726 ἐνταῦθα
878 2655 1108 2743 ξυλλαμβάνει

104 2784 130 2824 τε
144 2753 283 2844 ὀλίγους
308 2759 378 2825 τῶν
403 2754 598 2878 βαρβάρων,
624 2757 681 2824 καὶ
708 2754 797 2846 παρὰ
823 2755 953 2825 τούτων
981 2763 1109 2842 ἔμαθεν

144 2857 196 2927 ότι
221 2862 258 2925 οι
281 2855 343 2943 μὲν
362 2858 399 2924 έν
424 2859 466 2944 τῇ
493 2856 587 2944 χῶρᾳ
601 2855 704 2924 Ἰνδοὶ
729 2855 818 2944 παρῶ
834 2855 994 2946 Ἀβισάρη
1020 2855 1108 2924 660-

143 2957 350 3046 πεφευγότες
385 2954 465 3041 εἶεν,
504 2955 586 3035 τούς
618 2956 803 3043 ἐλέφαντας
836 2956 875 3025 δὲ
913 2953 964 3025 ότι
997 2955 1108 3036 αότού

142 3059 323 3129 κατέλιπον
346 3057 507 3145 νέμεσθαι
524 3057 609 3145 πρὸς
625 3061 674 3148 τῷ
693 3059 830 3148 ποταμῷ
848 3062 895 3149 τῷ
910 3054 1022 3148 Ἰνδῷ·
1049 3059 1107 3126 καὶ

142 3161 286 3240 τούτους
311 3157 509 3247 ἡγήσασθαί
531 3162 568 3226 ολ
590 3157 653 3243 τὴν
674 3156 758 3226 όδδν
781 3160 956 3228 ἐκέλευσεν
980 3156 1026 3237 ῶς
1052 3161 1108 3228 ἐπὶ

106 3263 223 3341 ιοτοδς
252 3261 445 3348 έλέφάντας.
486 3258 552 3328 είσὶ
578 3257 617 3326 δὲ
639 3257 759 3327 Ἰνδῶν
784 3261 904 3328 πολλοὶ
928 3261 1108 3346 κυνηγέται

142 3366 210 3432 τῶν
238 3359 445 3449 ἐλεφάντων,
472 3359 529 3428 καὶ
554 3359 699 3438 τούτους
725 3363 859 3448 σπουδῇ
887 3358 972 3447 ἀμφ’
999 3355 1109 3428 αὑτὸν

140 3462 232 3552 εἶχεν
246 3461 478 3553 Ἀλέξανδρος,
497 3463 554 3531 καὶ
572 3461 648 3530 τότε
668 3459 775 3548 ἐθήρα
793 3458 858 3542 ξόν
875 3458 1008 3540 τούτοις
1026 3458 1110 3538 τούς
