2546 3920
423 177 610 230 ιιιιιιεειτ
628 182 653 244 ι,
673 180 714 231 ιο.
1018 176 1084 244 303

115 342 268 424 πολλαχῆ
294 336 350 404 καί
377 333 488 416 ξύλοις
515 332 693 420 παιόμενος
719 327 808 421 ύπέρ
834 331 933 423 ύμάν
949 334 1007 404 καὶ
1023 339 1083 424 τῆς

114 435 277 528 ὑμετέρας
295 436 394 524 δόξης
412 437 469 504 καὶ
487 437 548 504 τού
567 433 732 522 ὑμετέρου
750 432 899 506 πλούτου
918 440 1082 517 νικῶντας

114 539 206 624 ύμάς
232 535 305 624 ἀγω
321 536 376 605 διά
395 536 503 625 πάσης
520 541 583 623 γῆς
600 538 660 604 καί
678 537 852 623 θαλάσσης
869 537 927 608 καὶ
945 537 1083 607 πάντων
1151 625 1155 632 ι

116 644 277 726 ποταμοῖν
303 639 360 706 καῖ
378 635 470 725 ἀράν
488 639 545 705 καὶ
563 639 692 706 πεδίων
710 634 860 706 πάντων.
899 637 1029 725 γάμους
1046 663 1082 726 τε
1100 651 1122 700 3

87 736 202 828 δύμῖν
227 737 309 818 τούς
335 735 462 818 αύτούς
488 737 661 826 γεγάμηκα
686 739 743 806 καὶ
770 741 906 807 πολλάν
930 737 1030 826 ὑμῶν
1049 743 1086 807 οί

116 845 236 920 παῖδες
262 853 436 926 συγγενεῖς
460 844 592 909 ἔσονται
607 854 679 919 τοῖς
695 840 792 919 παισὶ
808 853 878 918 τοῖς
898 841 997 926 έμοῖς.
1035 844 1084 908 ἔτι

115 940 155 1010 δὲ
174 931 200 1032 ᾦ
218 941 299 1029 χρέα
312 929 368 1028 ἦν,
385 935 427 1009 ου’
442 937 773 1029 πολυπραγμονήσας
787 939 842 1027 ἐφ’
858 936 925 1032 ὅτῳ
939 939 1084 1026 ἐγένετο,

114 1045 263 1110 τοσαύτα
288 1041 352 1128 μὲν
377 1040 699 1130 μισθοφορούντων,
732 1045 881 1117 τοσαύτα
908 1039 947 1110 δέ
971 1038 1083 1130 ἀρπα·

115 1141 252 1230 ζόντωυ,
271 1141 372 1211 ὁπότε
386 1145 423 1211 ἐκ
435 1149 628 1231 πολιορκίας
642 1141 778 1232 ἁρπαγὴ
790 1148 951 1228 γίγνοιτο,
969 1141 1079 1211 διαλέ-

73 1257 102 1298 10
116 1251 219 1330 λυμαι
250 1247 368 1312 ταῦτα.
423 1243 584 1330 στέφανοί
612 1269 648 1311 τε
674 1256 797 1331 χρυσοῖ
820 1256 890 1322 τοῖς
916 1249 1084 1322 πλείστοις

115 1342 216 1430 ύμάν
242 1351 307 1414 είσι
331 1357 477 1431 μνημεῖα
504 1347 562 1428 τῆς
579 1369 616 1412 τε
633 1340 753 1434 ἀρετης
770 1349 829 1430 τῆς
845 1343 1008 1431 ύμετέρας
1026 1345 1083 1412 καί

114 1450 174 1532 τῆς
201 1445 234 1526 έξ
263 1447 348 1532 έμού
373 1447 467 1532 τιμῆς
485 1442 650 1513 ἀθάνατα.
695 1441 784 1524 ὅστις
803 1443 842 1512 δέ
859 1442 902 1531 δὴ
919 1445 976 1517 καὶ
997 1443 1123 1513 ἀπό-4

114 1555 235 1631 θανεν,
263 1543 402 1632 εύκλεὴς
427 1545 489 1632 μὲν
508 1543 602 1636 αύτῷ
620 1543 641 1632 ἡ
658 1543 794 1631 τελευτὴ
815 1545 959 1633 ἐγένετο,
985 1569 1084 1633 περι-

116 1643 226 1734 φανὴς
240 1645 278 1714 δὲ
291 1643 309 1714 ὁ
323 1645 440 1733 τάφος,
458 1654 582 1734 χαλκαῖ
593 1645 631 1715 δὲ
642 1650 681 1715 αί
691 1645 822 1725 εἰκόνες
834 1647 904 1714 τῶν
917 1652 1085 1714 πλείστων

75 1757 203 1815 15οῖίιοι
221 1747 366 1835 ἑστᾶσιν,
393 1751 429 1816 οί
444 1761 556 1834 γονεῖς
574 1745 607 1814 δ’
636 1753 764 1834 ἔντιμοί
779 1752 856 1832 είσι,
874 1753 1084 1833 λειτουργίας

116 1874 151 1916 τε
177 1847 352 1936 ξυμπάσης
377 1849 434 1916 καὶ
462 1851 621 1935 είσφοράς
648 1846 912 1934 ἀπηλλαγμένοι·
956 1844 998 1914 ού
1018 1846 1084 1937 γάρ

115 1956 167 2028 τίς
192 1975 232 2034 γε
260 1949 401 2035 φεύγων
425 1946 526 2036 ύμάν
554 1947 709 2017 ἐτελεύτα
736 1949 819 2034 έμού
846 1945 998 2033 ἀγοντος.

193 2050 262 2119 Καὶ
287 2055 354 2119 νῦν
379 2049 459 2129 τούς
485 2047 676 2136 ἀπολέμους
701 2045 800 2135 άμάν
823 2046 988 2134 ζηλωτούς
1013 2055 1122 2129 τοῖςθ

116 2159 201 2218 οἴκοι
221 2147 431 2237 ἀποπέμψειν
452 2155 606 2237 ἔμελλον·
631 2147 706 2218 ἀλλ’
723 2147 836 2236 ἐπειδὴ
851 2149 972 2230 πάντες
986 2145 1084 2218 ἀπιέ-

76 2267 104 2306 20
117 2278 173 2318 ναι
199 2251 377 2339 βούλεσθε,
396 2249 491 2320 ἀπιτε
517 2249 675 2336 ἅπαντες,
703 2252 759 2319 καὶ
778 2247 983 2331 ἀπελθόντες
1001 2261 1085 2321 οίκοι

116 2345 343 2438 ἀπαγγείλατε
375 2349 425 2420 ὅτι
457 2350 519 2421 τόν
550 2352 689 2440 βασιλέα
720 2351 820 2440 ύμάν
849 2350 1083 2440 Ἀλέξανδρον,

116 2457 262 2521 νικῶντα
279 2453 341 2541 μὲν
359 2453 493 2541 Πέρσας
511 2454 568 2520 καὶ
587 2451 731 2539 Μήδους
748 2453 805 2521 καὶ
822 2459 1010 2540 Βακτρίους
1027 2455 1083 2522 καὶ

119 2549 248 2638 Σάκας,
275 2552 591 2640 καταστρεψάμενον
618 2552 656 2622 δὲ
678 2551 826 2634 Ούξίους
852 2579 887 2620 τε
913 2554 970 2622 καὶ
985 2552 1123 2641 Ἆρα-6

117 2651 247 2738 χωτούς
260 2655 318 2722 καὶ
332 2654 505 2740 Δράγγας,
520 2654 722 2740 κεκτημένον
736 2653 774 2722 δέ
787 2655 845 2722 καὶ
859 2660 1084 2743 Παρθυαίους

55 2740 105 2816 ’τε
118 2751 175 2819 καῖ
195 2757 417 2842 Χορασμίους
443 2755 501 2822 καλ
525 2753 719 2840 Ὑρκανίους
747 2759 820 2824 ἔστε
847 2754 902 2822 ἐπὶ
928 2753 990 2841 τήν
1014 2753 1083 2823 θά-

117 2860 248 2922 λασσαν
273 2852 335 2940 τὴν
354 2861 525 2941 Κασπίαν,
551 2848 748 2942 ύπερβάντα
765 2853 803 2923 δὲ
820 2852 881 2922 τόν
899 2855 1086 2924 Καύκασον

116 2952 206 3042 ύπὲρ
223 2953 282 3036 τάς
309 2963 466 3036 Κασπίας
492 2954 614 3043 πύλας,
636 2957 698 3024 Υκαί
724 2952 917 3042 περάσαντα
930 2946 1032 3036 Ὦξόν
1048 2982 1087 3025 τε

117 3055 267 3142 ποταμὸν
293 3059 350 3125 καί
382 3053 521 3142 Τάναῖν,
555 3062 604 3126 ἔτι
630 3055 668 3125 δὲ
693 3054 753 3124 τὸν
778 3053 888 3125 Ἰνδόν
921 3056 1100 3145 ποταμόν,·

116 3150 235 3225 ούδενῖ
262 3154 355 3249 άλλῳ
382 3155 433 3226 ὅτι
455 3156 500 3244 μη
530 3153 691 3250 Διονύσῳ
708 3156 913 3246 περαθέντα,
940 3158 996 3227 καὶ
1022 3157 1084 3227 τόν

74 3255 283 3345 ον’ῖδάσπην
306 3260 364 3328 καί
381 3258 442 3327 τὸν
457 3257 630 3346 Ἀκεσίνην
647 3259 704 3327 καὶ
721 3256 783 3327 τόν
797 3256 998 3345 Ὑδραώτην,
1025 3261 1082 3330 καὶ
1101 3273 1120 3321 7

116 3357 175 3425 τὸν
197 3356 341 3447 Ἵῖφασιν
367 3359 614 3447 διαπεράσαντα
640 3357 703 3447 ἀν,
736 3365 769 3428 εί
792 3357 838 3448 μὴ
863 3355 960 3446 ύμείς
987 3358 1081 3429 ἀπω-

116 3454 272 3548 κνήσατε,
290 3460 347 3529 καί
365 3466 414 3541 είς
431 3459 493 3548 τήν
509 3459 659 3550 μεγάλην
675 3459 855 3531 θάλασσαν
872 3455 947 3529 κατ’
967 3456 1082 3549 ἀμφό-
