2632 3922
477 101 663 152 ΑΝΔΒΑΣΙΣ
681 103 707 166 ε,
726 103 766 156 17.
1041 104 1107 170 223
1128 123 1129 130 ¹

133 257 196 324 καὶ
224 247 262 324 έν
287 255 397 346 τοάτφ
424 260 460 323 οῖ
484 255 655 324 ἐπιστάται
679 261 750 324 τῶν
769 257 961 344 ἐλεφάντων
979 259 1143 332 άντεπ-3
1186 280 1188 284 ’

133 358 223 442 ἦγον
248 358 290 442 τή
319 359 413 446 ἵππῳ
439 351 480 423 τά
504 365 621 444 θηρία,
648 356 705 424 καὶ
731 355 903 445 ήφάλαγξ
932 359 1019 449 αότή
1037 368 1105 432 τῶν

135 456 353 526 Μακεδόνων
379 454 539 544 ἀντεπῄει
562 456 649 544 πρός
674 457 756 536 τοδς
783 459 981 550 ἐλέφαντας,
1009 469 1043 541 ές
1069 489 1105 532 τε

134 556 219 636 τούς
254 556 410 643 ἐπιβάτας
444 555 559 626 αότῶν
592 555 819 640 ἀκοντίζοντες
851 560 908 628 καλ
943 557 1031 630 αὐτὰ
1064 563 1105 632 τά

102 664 244 746 εθηρία
271 655 473 745 περισταδόν
492 655 663 726 πάντοθεν
689 657 880 742 βάλλοντες.
921 663 978 730 καὶ
1004 655 1047 750 ήν
1065 665 1103 732 τὸ

135 763 241 848 ἔργον
267 756 384 826 οὐδενὶ
411 761 480 825 τῶν
507 758 661 847 πρόσθεν
686 755 831 844 άγῶνων
852 762 976 842 ἐοικός·
1010 764 1052 832 τά
1070 791 1105 832 τε

134 857 204 946 γάρ
219 866 335 948 Ιθηρία
363 858 564 927 ἐπεκθέοντα
598 861 631 938 ἐς
656 858 717 938 τάς
743 859 850 940 τάξεις
882 864 953 930 τῶν
983 869 1105 950 πεζῶν,

135 957 203 1047 ὅπη
232 958 470 1047 ἐπιστρέψειεν,
499 959 655 1049 ἐκεράϊζε,
683 967 804 1049 καίπερ
831 959 968 1049 πυκνήν
995 956 1106 1032 οὖσαν

135 1062 198 1146 τήν
211 1056 213 1061 ’
224 1062 293 1128 τῶν
311 1059 524 1128 Μακεδόνων
550 1059 709 1147 φάλαγγα
727 1062 784 1128 καὶ
803 1065 838 1129 οἱ
855 1065 967 1144 ίππεῖς
986 1069 1022 1132 οἱ
1035 1067 1105 1132 τῶν

91 1186 123 1227 10
134 1158 277 1246 Ἰνδῶν,
303 1175 375 1238 τοῖς
402 1168 511 1242 πεζοῖς
539 1161 668 1239 ἰδόντες
695 1161 896 1248 ξυνεστηκός
922 1161 1104 1252 τδέργον,

138 1261 398 1350 ἐπιστρέψαντες
417 1251 518 1339 αὖθις
536 1261 593 1328 καὶ
611 1258 710 1328 αὐτοὶ
730 1259 921 1346 ἐπήλαυνον
938 1267 980 1352 τῇ
1000 1269 1102 1356 ἵππῳ.

138 1361 186 1440 ῶς
203 1361 241 1430 δὲ
261 1361 363 1429 πάλιν
382 1361 567 1448 ἐκράτησαν
585 1359 699 1429 αὐτῶν
717 1365 753 1428 οῖ
768 1359 1102 1453 ἄμφ’·Ἀλέξανδρον,
1123 1386 1141 1432 ε

136 1466 180 1551 τῇ
207 1489 243 1530 τε
261 1462 357 1550 ῥρῶμη
385 1463 442 1530 καὶ
468 1463 509 1550 τή
538 1463 691 1551 ἐμπειρίᾳ
710 1460 797 1528 πολῶ
817 1463 1029 1552 προέχοντες,
1057 1464 1103 1545 ῶς

139 1565 195 1631 ἐπὶ
228 1561 309 1642 τούς
337 1563 521 1648 ἐλέφαντας
548 1553 649 1641 αὖθις
675 1561 931 1650 κατειλήθησαν.
980 1567 1037 1634 καλ
1067 1569 1104 1634 έν

91 1687 126 1750 ¹15
140 1663 251 1754 τούτῳ
278 1665 369 1730 πάσα
394 1661 415 1749 ή
434 1667 536 1743 ἵππος
550 1661 772 1751 Ἀλεξάνδρου
793 1664 826 1742 ἐς
843 1670 926 1751 μίαν
945 1673 1020 1753 ίλην
1037 1663 1103 1752 ήδη

139 1765 349 1852 ξυνηγμένη,
384 1762 447 1832 οόκ
480 1765 516 1831 ἐκ
543 1765 840 1854 παραγγέλματος,
872 1763 957 1833 άλλά
986 1769 1023 1834 ἐν
1052 1769 1103 1856 τῷ

105 1865 107 1870 ’
140 1862 248 1951 άγῶνι
274 1863 366 1955 αὐτῷ
396 1867 429 1942 ἐς
455 1864 558 1949 τήνδε
583 1865 645 1950 τήν
671 1862 764 1944 τάξιν
792 1867 1000 1952 καταστᾶσα,
1029 1864 1105 1934 όποι

138 1965 322 2053 προσπέσοι
347 1967 416 2032 τῶν
431 1959 551 2033 Ἰνδῶν
569 1979 642 2044 ταῖς
659 1962 771 2044 τάξεσι
789 1964 853 2043 ξύν
871 1970 986 2056 πολλῶ
1006 1966 1103 2058 φόνῳ

138 2065 338 2134 άπελόοντο.
372 2067 429 2132 καὶ
464 2067 496 2144 ἐς
524 2063 643 2134 στενόν
669 2063 732 2152 ήδη
765 2065 1009 2153 κατειλημένων
1035 2069 1141 2140 τῶνε

99 2193 126 2232 κο
140 2173 274 2255 θηρίων
288 2164 328 2234 οό
343 2173 427 2252 μείω
442 2165 525 2253 πρὸς
536 2163 650 2234 αὐτῶν
664 2170 699 2232 οἱ
711 2159 805 2252 φίλοι
818 2163 902 2254 ήπερ
912 2171 948 2236 οῖ
955 2167 1103 2252 πολέμιοι

141 2265 359 2355 ἐβλάπτοντο,
387 2267 423 2334 ἐν
448 2281 523 2346 ταῖς
551 2269 767 2356 ἐπιστροφαῖς
785 2293 821 2336 τε
846 2268 991 2346 καὶτοῖς
1019 2261 1104 2336 ῶδι-

140 2384 238 2456 σμοῖς
255 2367 556 2454 καταπατούμενοι.
584 2368 654 2434 τῶν
670 2392 706 2434 τε
724 2357 789 2435 οὖν
818 2368 961 2454 ἱππέων,
989 2361 1044 2435 οἷα
1063 2368 1104 2454 δή

141 2472 178 2538 ἐν
205 2473 311 2560 στενῶ
338 2469 415 2555 περὶ
442 2467 523 2546 τούς
548 2467 732 2553 ἐλέφαντας
751 2468 970 2554 εἰλουμένων,
996 2468 1104 2546 πολδς

140 2569 246 2656 φόνος
274 2571 424 2654 ἐγίγνετο
449 2569 507 2636 καὶ
533 2571 568 2636 oc
591 2565 753 2655 ήγεμόνες
770 2570 840 2636 τῶν
859 2567 1053 2654 ἐλεφάντων
1071 2573 1109 2636 οῖ

103 2692 129 2734 κε
143 2670 263 2738 πολλοὶ
281 2668 574 2756 κατηκοντισμένοι
591 2660 690 2756 ἦσαν,
716 2667 773 2736 καὶ
789 2667 894 2736 αὐτοὶ
906 2672 943 2736 οί
959 2669 1104 2755 ἐλέφαν-

63 2821 65 2826 -
141 2797 195 2849 τες
212 2769 253 2836 τά
273 2767 335 2856 μέν
352 2768 620 2858 τιτρωσκόμενοι,
644 2769 685 2837 τά
704 2768 741 2838 δὲ
758 2762 829 2836 ὑπό
846 2794 882 2837 τε
899 2771 968 2836 τῶν
987 2767 1104 2836 πόνων
1166 2844 1169 2850 ,
1251 2757 1266 2773 ”

140 2873 198 2938 καὶ
227 2873 363 2958 ἐρημίας
389 2869 566 2956 ήγεμόνων
592 2868 705 2938 οόκέτι
730 2868 973 2955 διακεκριμένοι
1000 2870 1037 2936 ἐν
1061 2872 1101 2956 τή

140 2971 230 3059 μάχη
257 2961 358 3058 ήσαν·
386 2968 462 3038 ἀλλ’
490 2965 545 3038 οἷα
572 2971 614 3056 δή
640 2967 710 3038 όπό
734 2973 796 3038 τοό
814 2971 920 3037 κακοῦ
942 2974 1139 3058 ἐκφρονεςς

141 3080 264 3154 φιλίοις
282 3098 317 3140 τε
335 3070 421 3158 ὁμοῦ
441 3073 498 3139 καὶ
519 3073 689 3158 πολεμίοις
708 3070 976 3159 προσφερόμενοι
994 3069 1104 3138 πάντα

103 3200 128 3240 zo
141 3172 266 3260 τρόπον
295 3172 447 3254 έξῶδουν
464 3198 500 3240 τε
517 3173 573 3240 καλ
592 3170 802 3240 κατεπάτουν
819 3171 876 3239 καὶ
894 3170 1102 3240 κατέκαινον.

141 3272 215 3342 ἀλλ’
244 3277 279 3341 ολ
303 3273 366 3359 μέν
385 3271 597 3358 Μακεδόνες,
624 3270 683 3340 άτε
701 3273 739 3339 ἐν
765 3270 959 3361 εὐρυχωρίᾳ
986 3297 1021 3340 τε
1047 3271 1104 3339 καλ

139 3374 223 3442 κατά
242 3373 383 3462 γνῶμην
402 3372 463 3459 τήν
482 3375 581 3459 σφῶν
594 3369 863 3460 προσφερόμενοι
875 3387 945 3452 τοῖς
958 3379 1105 3460 θηρίοις,
