2632 3922
211 163 277 228 214
562 159 817 221 εεεεεαεεον

212 318 573 408 κατεστρατοπεδεύκει
605 319 691 406 πρὸς
722 324 766 408 τῇ
798 317 884 406 ὄχθη
911 323 972 387 τοῦ
995 311 1194 406 Ὑδάσπου,

215 427 303 507 ἔγνω
329 418 500 500 ἀδόνατος
527 412 578 488 ιόν
603 424 745 508 περᾶσαι
769 417 839 488 ἀπὸ
866 418 1021 506 πλήθους
1046 446 1084 488 τε
1110 422 1194 488 τῶν
1284 473 1285 482 ,

116 507 120 520 ’
215 521 410 609 ἐλεφάντων
435 522 494 590 καί
520 518 572 589 ὄτι
596 521 704 606 πολλὴ
724 520 862 608 στρατιά
881 522 938 588 καὶ
956 517 1042 606 αὕτη
1058 547 1188 606 τεταγ-
1285 556 1286 606 χ

214 625 299 711 μένη
323 623 435 691 τεκαὶ
452 616 598 710 ἀκριβεῖς
617 619 808 708 ὁπλισμένη
827 623 1042 709 ἐκβαίνουσιν
1060 620 1192 702 αὐτοῖς
1285 637 1286 650 ’

180 741 196 788 2
216 723 437 810 ἐπιθήσεσθαι
462 728 615 811 ἔμελλεν·
651 726 686 790 οό
709 748 745 791 τε
771 727 868 790 ἵπποι
893 721 957 790 οὐκ
974 718 1017 790 ἀν
1035 722 1191 792 ἐδόκουν
1220 747 1233 787 5
1286 754 1287 778 ι

215 824 309 914 αὐτῷ
329 825 487 909 ἐθελῆσαι
503 821 585 892 οὐδὲ
603 825 760 911 ἐπιβῆναι
776 827 836 910 τῆς
861 820 965 910 ὄχθης
981 825 1042 910 τῆς
1059 825 1189 910 πέραν,

215 925 466 1013 προσκειμένων
491 931 610 1010 σφίσιν
631 922 739 1003 εόθύς
764 927 832 992 τῶν
851 922 1044 1010 ἐλεφάντων
1061 927 1120 993 καί
1140 927 1188 1012 τῇ
1287 967 1288 990 ι

215 1052 251 1094 τε
277 1021 353 1106 ὄψει
377 1022 445 1111 ἅμα
471 1024 529 1092 καί
552 1029 594 1112 ’τῇ
613 1027 712 1112 φωνῇ
732 1025 949 1113 φοβούντων,
975 1020 1051 1095 οὐδ’
1071 1022 1115 1093 ἀν
1135 1032 1188 1094 ἔτι

215 1123 366 1211 πρόσθεν
387 1138 500 1212 μεῖναι
522 1125 578 1192 ἐπὶ
598 1130 667 1193 τῶν
688 1129 864 1212 διφθερῶν
884 1124 968 1194 κατὰ
983 1125 1044 1195 τὸν
1059 1125 1186 1212 πόρον,

216 1223 292 1293 ἀλλ’
327 1226 475 1311 ἐκπηδᾶν
507 1225 573 1313 γάρ
600 1225 633 1304 ἐς
658 1224 697 1292 τό
724 1222 832 1312 ὕδωρ
845 1224 1040 1313 ἀφορῶντες
1071 1228 1186 1313 πέραν
1201 1253 1228 1292 ιο

182 1325 297 1405 ετοάς
324 1326 510 1412 ἐλέφαντας
537 1333 698 1414 ἔκφρονες
724 1325 924 1412 γιγνόμενοι.
964 1326 1085 1405 κλέψαι
1117 1319 1188 1395 οὖν

218 1426 347 1495 ἐπενόει
359 1426 422 1512 τὴν
436 1425 591 1513 διάβασιν
605 1416 671 1494 ὦδε
683 1424 849 1514 πράττων.
876 1426 1012 1514 νόκτωρ
1025 1453 1186 1514 παραγα-

127 1589 131 1596 ,
216 1527 289 1613 γών
312 1524 398 1613 ἀλλη
422 1527 479 1593 καὶ
503 1524 591 1614 άλλη
614 1528 672 1613 τῆς
696 1524 801 1614 ὄχθης
824 1525 907 1606 τούς
938 1527 1085 1606 πολλοδς
1111 1531 1186 1596 τῶν
1290 1546 1291 1596 λ

219 1627 349 1694 ἱππέων
374 1625 460 1713 βοήν
485 1651 521 1694 τε
541 1627 645 1695 ἐποίει
666 1628 724 1694 καὶ
742 1625 921 1712 ἠλαλάζετο
939 1632 986 1719 τῷ
1004 1623 1184 1719 Ἐνυαλίῳ,

216 1727 274 1795 καί
291 1717 396 1794 τᾶλλα
410 1723 472 1795 ὅσα
487 1728 543 1795 ἐπὶ
556 1726 706 1816 διαβάσει
719 1730 1015 1816 συσκευαζομένων
1028 1728 1183 1817 θόρυβος
1199 1755 1225 1795 15

217 1828 431 1907 παντοδαπὸς
459 1830 619 1913 ἐγίγνετο.
664 1829 720 1897 καὶ
748 1826 909 1914 ὁΠῶρός
935 1855 971 1898 τε
987 1828 1185 1918 ἀντιπαρῄει

217 1929 303 2020 πρὸς
328 1929 391 2015 τὴν
416 1927 503 2017 βοὴν
529 1928 666 2015 ἐπάγων
690 1929 772 2008 τοὺς
798 1929 983 2016 ἐλέφαντας
1014 1932 1071 1998 καὶ
1086 1927 1183 1999 Ἀλέ-

217 2032 360 2115 ξανδρος
383 2032 416 2108 ἐς
431 2035 510 2108 ἔθος
523 2027 631 2098 αὐτόν
643 2033 702 2115 της
725 2029 1005 2118 ἀντιπαραγωγῆς
1026 2038 1181 2116 καθίστη.

183 2155 200 2201 4
220 2131 264 2210 οἱς
290 2129 329 2197 δέ
356 2129 412 2196 ἐπὶ
439 2129 527 2197 πολό
545 2132 648 2197 τοῦτο
676 2133 826 2215 ἐγίγνετο
843 2132 900 2198 καὶ
918 2130 981 2216 βοὴ
998 2127 1105 2217 μόνον
1123 2133 1181 2199 καὶ

218 2227 423 2314 ἀλαλαγμὸς·
445 2221 500 2315 ἦν,
533 2227 645 2298 οάκέτι
671 2223 690 2297 ό
718 2235 841 2318 Πάρος
871 2244 1070 2318 μετεκινεῖτο
1097 2232 1181 2317 πρὸς
1195 2259 1222 2298 ω

217 2328 278 2408 τάς
298 2327 464 2416 ἐκδρομὰς
482 2333 551 2397 τῶν
571 2331 714 2419 ίππέων,
751 2329 836 2399 ἀλλά
853 2331 975 2400 κενόν
993 2330 1059 2420 γάρ
1077 2332 1182 2416 γνοὺς
1219 2341 1221 2346 ’

217 2431 279 2501 τόν
312 2429 422 2516 φόβον
453 2428 537 2498 κατά
568 2431 684 2522 χόραν
717 2434 775 2500 ἐπὶ
808 2433 1036 2520 στρατοπέδου
1071 2439 1181 2520 ἔμενε·

220 2530 339 2601 σκοποί
357 2528 396 2598 δὲ
414 2530 507 2621 αὐτῷ
526 2536 697 2619 πολλαχοῦ
715 2535 774 2620 τῆς
791 2531 895 2620 ὄχθης
910 2533 1182 2619 καθειστήκεσαν.

216 2631 436 2719 Ἀλέξανδρος
461 2632 499 2701 δὲ
518 2630 564 2712 οός
583 2632 774 2722 ἐξείργαστο
792 2632 884 2722 αὐτῷ
903 2631 1034 2719 ὄφοβον
1063 2632 1102 2701 τό
1120 2638 1180 2702 τοῦ

220 2733 347 2822 Πάρου
375 2739 422 2814 είς
447 2732 508 2813 τάς
534 2734 733 2822 νυκτερινός
759 2732 975 2822 ἐπιχειρήσεις
992 2741 1183 2822 μηχανᾶταί
1193 2764 1218 2804 τε

220 2863 251 2904 τι
276 2835 414 2904 τοιόνδε.

172 2935 208 2997 11
290 2932 397 3023 ’Ἁκρα
429 2924 471 3020 ἦν
506 2931 676 3019 ἀνέχουσα
701 2935 761 3019 τῆς
787 2931 893 3022 ὄχθης
919 2937 980 3003 τοῦ
1004 2933 1179 3021 Ὑδάσπου,

222 3041 281 3105 ὄνα
321 3036 529 3120 ἐπέκαμπτεν
565 3030 582 3099 ὁ
617 3033 764 3121 ποταμὸς
798 3035 902 3121 λόγου
936 3035 1053 3124 ἀξίως,
1097 3034 1181 3124 αὕτη

220 3163 256 3205 τε
271 3141 386 3204 δασεῖα
409 3133 526 3201 ἀλσει
550 3139 720 3202 παντοίων
738 3135 891 3223 δένδρων
908 3137 966 3203 καλ
984 3135 1057 3204 κατ’
1077 3131 1180 3223 αὐτὴν

221 3240 324 3323 νῆσος
352 3237 389 3302 ἐν
415 3235 462 3323 τῷ
490 3237 628 3325 ποταμῷ
654 3231 789 3322 ὑλώδης
815 3237 933 3319 τεκαὶ
960 3235 1096 3324 ἀστιβὴς
1118 3236 1214 3310 όπέε

221 3339 369 3423 ἐρημίας.
410 3332 537 3422 ταύτην
555 3336 762 3422 καταμαθών
780 3337 842 3422 τὴν
859 3337 964 3422 νῆσον
981 3337 1178 3421 καταυτικρό

220 3441 279 3522 τῆς
311 3433 434 3524 ἀκρας,
471 3433 645 3524 ἀμφότερα
678 3434 797 3522 δλοόδη
828 3461 869 3502 τα
901 3444 1007 3524 χωρία
1039 3439 1096 3504 καὶ
1128 3433 1179 3506 οἷα
