2632 3922
215 162 282 229 240
560 160 815 220 ιεεωεαεεου

218 320 257 390 δέ
289 319 400 390 Ιοιύτού
435 320 599 410 μένοντας
634 319 801 408 ζηλωτούς
838 333 909 401 τοϊς
944 319 1191 409 ἀπερχομένοις

220 421 358 509 ποιήσω.

162 527 207 591 27
300 527 414 598 Ταῦτα
446 523 502 592 καὶ
535 521 576 596 τά
609 524 749 590 τοιαῦτα
781 519 934 602 εἰπόντος
957 520 1187 607 Ἀλεξάνδρου

218 623 328 692 πολύν
354 623 417 712 μέν
443 623 568 711 χρόνον
594 621 701 710 σιωπὴ
726 613 770 708 ἦν
796 620 876 691 ούτε
901 621 1086 708 ἀντιλέγειν
1102 631 1186 690 τολ-

218 725 362 813 μύντων
375 724 460 810 πρὸς
473 724 533 793 τὸν
545 725 685 810 βασιλέα
697 726 733 792 έκ
746 727 810 791 τού
823 719 944 804 εύθέος
958 721 1036 792 οὔτε
1048 725 1185 810 ξυγχω-
1200 751 1215 790 ε

219 841 292 912 ρετν
320 824 519 894 ἐθελόντων.
560 827 597 893 ἐν
624 824 662 893 δὲ
679 823 789 914 τούτῳ
817 824 975 904 πολλάκις
1000 823 1063 911 μὲν
1087 823 1184 893 Ἀλέ·

218 927 361 1014 ξανδρος
389 927 521 995 έκέλευε
546 927 656 1010 λέγειν
681 925 742 994 τόν
759 925 980 1012 βουλόμενον,
1008 930 1041 993 εἰ
1064 925 1108 1010 δή
1133 951 1184 1005 τις

218 1025 259 1094 τά
278 1030 416 1116 ἐναντία
433 1039 503 1105 τοῖς
516 1023 581 1094 εἶπ’
601 1023 709 1094 αύτοῦ
724 1031 873 1111 λεχθελστ
889 1024 1058 1112 γινόσκει·
1088 1031 1185 1112 έμενε

219 1127 332 1196 δὲκαὶ
351 1123 398 1206 άς
417 1127 471 1195 ἐπὶ
490 1122 578 1195 πολύ
596 1124 754 1214 ἡσιωπή·
782 1123 846 1206 ὀψὲ
864 1126 905 1194 δέ
915 1151 994 1195 ποτε
1006 1125 1183 1216 θαρσήσας

219 1235 344 1308 Κοῖνος
370 1224 388 1296 ὁ
417 1226 696 1316 Πολεμοκράτους
724 1229 814 1308 ἔλεξε
838 1223 961 1295 τοιάδε.
1199 1254 1226 1292 ιο

180 1347 200 1395 ν
291 1327 424 1414 Ἐπειδὴ
451 1330 507 1396 καὶ
535 1323 652 1414 αύτδς,
679 1319 707 1395 ά
733 1329 884 1414 βασιλεύ,
910 1327 951 1397 ού
971 1327 1054 1396 κατά
1072 1328 1181 1416 πρόσ-

217 1457 327 1516 ταγμα
351 1430 477 1508 έθέλεις
496 1428 710 1498 Μακεδόνων
735 1429 936 1515 ἐξηγεῖσθαι,
955 1427 1042 1497 άλλά
1062 1437 1183 1509 πείσας

218 1530 282 1616 μέν
299 1528 389 1610 άξειν
407 1529 489 1618 φῄς,
507 1532 657 1606 πεισθεὶς
675 1528 713 1596 δὲ
732 1527 788 1596 ού
795 1521 989 1617 βιάσασθαι,
1015 1523 1078 1616 ούχ
1092 1527 1182 1618 ὑπὲρ

218 1629 315 1718 ἡμῶν
340 1633 448 1698 τῶνδε
474 1629 651 1718 ποιήσομαι
679 1625 744 1714 έγά
772 1630 852 1709 τούς
885 1630 1029 1717 λόγους,
1064 1638 1101 1699 οἳ
1123 1633 1182 1699 καὶ

219 1729 465 1819 προτιμάμενοι
488 1731 559 1798 τῶν
584 1725 698 1798 άλλων
723 1731 780 1798 καὶ
806 1730 846 1798 τά
872 1721 963 1800 άθλα
979 1735 1048 1799 τόν
1065 1729 1182 1800 πόνων
1197 1759 1223 1800 ιε

220 1837 256 1902 οί
285 1831 404 1900 πολλοὶ
429 1829 497 1919 ἤδη
523 1832 752 1920 κεκομισμένοι
783 1831 840 1899 καλ
871 1835 919 1922 τῷ
952 1831 1183 1918 κρατιστεύειν

220 1933 312 2022 παρὰ
338 1931 420 2012 τούς
446 1929 572 2012 άλλονς
598 1931 777 2021 πρόθυμοί
800 1951 852 2000 σοι
879 1934 913 2012 ές
939 1931 1048 2001 πάντα
1068 1934 1181 2021 έσμέν,
1295 1977 1296 2002 ι

182 2032 295 2103 μάλλ’
328 2031 417 2122 ὑπὲρ
451 2039 511 2118 τῆς
538 2035 694 2121 στρατιάς
719 2034 777 2118 τῆς
803 2037 938 2120 πολλῆς.
986 2032 1068 2102 οὐδὲ
1093 2033 1184 2122 ὑπὲρ

218 2135 344 2222 ταύτης
362 2133 403 2201 τά
421 2132 502 2202 καθ’
522 2129 651 2218 ἡδονὴν
669 2135 807 2211 ἐκείνοις
827 2135 904 2222 ἐρῶ,
923 2131 998 2201 ἀλλ’
1019 2130 1041 2200 ά
1057 2141 1181 2221 νομίζω

219 2233 378 2322 ξύμφορά
404 2234 444 2301 τέ
466 2253 519 2301 σοι
547 2235 580 2311 ές
597 2231 638 2300 τά
657 2232 808 2320 κάρόντα
826 2237 883 2302 καλ
904 2238 936 2314 ές
954 2233 996 2302 τά
1015 2235 1180 2320 μέλλοντα
1194 2268 1221 2306 εο

218 2335 361 2424 μάλιστα
378 2328 515 2420 άσφαλῆ
533 2331 626 2401 εἶναι.
661 2337 788 2414 δέκατος
806 2336 848 2402 δέ
863 2340 928 2420 ελμι
947 2332 1028 2404 καθ’
1047 2334 1182 2420 ἡλικίαν

217 2462 254 2506 τε
286 2434 331 2523 μὴ
366 2433 642 2523 ἀποκρύπτεσθαι
673 2432 713 2502 τά
746 2438 914 2503 δοκούντα
944 2437 1098 2523 βέλτιστα
1124 2440 1182 2505 καὶ
1293 2473 1294 2484 2

217 2537 302 2605 κατά
335 2535 397 2622 τὴν
424 2537 461 2603 ἐκ
487 2539 551 2603 σού
582 2561 637 2622 μοι
664 2526 771 2603 οὖσαν
799 2537 856 2604 καὶ
892 2538 925 2616 ές
951 2535 1032 2616 τούς
1058 2534 1182 2618 ἄλλους

219 2635 356 2718 άξλωσιν
369 2635 425 2703 καλ
440 2634 523 2704 κατά
536 2634 599 2722 τὴν
618 2639 654 2705 ἐν
671 2651 743 2715 τοῖς
757 2636 877 2724 ,πόνοις
890 2663 926 2705 τε
939 2638 995 2706 καὶ
1009 2637 1181 2718 κινδύνοις

182 2759 201 2807 4
222 2741 255 2818 ε’ς
273 2733 349 2806 τόδε
366 2733 620 2825 ἀπροφάσιστον
637 2736 773 2825 τόλμαν.
806 2736 876 2829 ὅσω
890 2738 955 2825 γάρ
972 2765 1024 2806 τοι
1040 2747 1181 2808 πλεῖστα
1194 2769 1219 2809 25

217 2838 275 2907 καὶ
300 2839 437 2925 μέγιστα
464 2845 522 2907 σοί
544 2863 579 2906 τε
610 2831 790 2930 ἡγουμένῳ
822 2841 1094 2927 καταπέπρακται
1125 2841 1181 2907 καὶ

218 2954 290 3018 τοῖς
325 2939 393 3027 ἅμα
420 2940 474 3007 σοὶ
501 2947 637 3008 οἴκοθεν
669 2935 863 3027 ὁρμηθεῖσι,
894 2945 1021 3032 τοσῷδε
1050 2939 1181 3027 μάλλόν

218 3067 250 3108 τι
268 3032 444 3128 ξύμφορόν
461 3065 518 3126 μοι
534 3044 629 3107 δοκεῖ
640 3040 743 3128 πέρας
757 3065 788 3108 τι
802 3043 968 3110 ἐπιθεῖναι
981 3055 1051 3120 τοῖς
1065 3039 1181 3122 πόνοις

217 3142 336 3210 τεκαὶ
364 3139 545 3218 κινδύνοις.
599 3137 703 3218 αύτὸς
729 3139 795 3227 γάρ
820 3167 870 3210 τοι
901 3139 985 3232 ὁρᾷς
1021 3140 1093 3211 ὅσοι
1118 3142 1181 3230 μέν

212 3239 430 3326 ΙΜακεδόνων
456 3265 492 3308 τε
517 3241 574 3307 καὶ
598 3238 765 3328 Ἑλλήνων
792 3239 860 3332 άμα
884 3245 937 3311 σοὶ
965 3241 1218 3331 ιδρμήθημεν,εο

182 3340 292 3409 σόσοι
324 3339 363 3408 δὲ
395 3339 682 3428 ὑπολελείμμεθα·
729 3334 777 3410 ὧν
805 3342 993 3424 Θετταλούς
1025 3343 1087 3430 μὲν
1113 3342 1180 3412 άπὸ

217 3439 380 3528 Βάκτρων
406 3434 527 3527 εύθύς,
560 3438 601 3510 ού
621 3442 821 3532 προθύμους
840 3447 887 3510 ἔτι
905 3445 938 3523 ές
955 3444 1037 3524 τούς
1054 3443 1181 3527 πόνους
