2546 3920
410 179 593 234 Αωειιεειε
611 183 635 242 ι,
653 184 694 238 τε.
707 165 754 237 οο.
1006 179 1069 245 333

104 341 214 425 ἔμοιγε
238 337 295 405 καὶ
321 333 342 424 ή
372 335 520 424 Περσική
548 329 652 424 σκευή
690 337 837 426 σόφισμα
863 343 960 408 δοκεῖ
984 335 1070 406 εἶναι

103 437 188 525 πρός
206 463 241 508 τε
266 436 347 517 ιοάς
373 437 584 526 βαρβάρους,
613 436 658 517 άς
684 437 730 526 μὴ
756 439 863 526 πάντη
884 437 1068 527 ἀλλότριον

104 536 219 607 αὐτῶν
236 543 420 626 φαίνεσθαι
439 536 500 606 τόν
513 539 665 626 βασιλέα,
684 540 741 607 καί
756 538 840 627 πρὸς
853 539 934 619 τοάς
949 549 1068 610 Μακε-

105 633 227 726 δόυας,
262 637 307 718 ἀς
334 635 555 728 ἀποστροφήν
585 665 662 708 τινα
688 637 738 708 είν

54 765 74 807 ε
104 736 264 828 ὀξύτητός
281 764 317 808 τε
334 739 390 808 καλ
407 736 539 828 ὕβρεως
558 744 617 827 τῆς
636 745 888 828 Μακεδονικῆς·
926 739 980 827 ἐφ’
1000 739 1067 832 ότφ

105 838 147 927 δή
174 841 231 909 καὶ
256 838 476 927 ἐγκαταμῖξαί
499 867 555 928 μοι
581 845 676 910 δοκεῖ
698 857 773 921 ταῖς
798 841 930 922 τάξεσιν
953 835 1068 910 αὐτῶν

102 939 185 1021 νοός
200 941 334 1030 Πέρσας
348 941 428 1020 τούς
445 938 661 1030 μηλοφόρους
675 943 732 1011 καὶ
745 957 816 1022 τοῖς
830 941 975 1030 ἀγήμασι
989 940 1068 1021 τοάς

104 1038 296 1129 ὁμοτίμους.
331 1041 388 1110 καὶ
406 1045 441 1110 οί
456 1040 551 1110 πότοι
569 1043 619 1128 δέ,
638 1037 684 1122 ἀς
702 1044 790 1129 λέγει
801 1039 1068 1132 Ἀριστόβουλος,

104 1140 146 1210 οά
164 1147 225 1211 τοῦ
243 1151 340 1212 οίνου
360 1144 458 1211 ἕνεκα
475 1144 597 1230 μακροὶ
615 1141 708 1235 αὐτῷ
729 1146 914 1231 ἐγίγνοντο,
943 1141 984 1211 οὐ
1002 1144 1068 1232 γάρ
1183 1213 1191 1230 ‚

58 1270 90 1310 ιο
104 1248 215 1312 πίνειν
233 1241 343 1312 πολάυ
356 1240 451 1311 οἴνου
462 1239 695 1333 Ἀλέξανδρον,
714 1241 799 1312 ἀλλά
814 1243 1068 1333 φιλοφροσύνης

103 1347 163 1429 τῆς
190 1350 238 1423 είς
265 1344 345 1423 τούς
374 1345 538 1432 ἑταίρους.

172 1443 281 1524 Ὅστις
296 1444 334 1514 δὲ
352 1453 474 1528 κακίζει
484 1444 717 1535 Ἀλέξανδρον,
734 1444 898 1534 μὴμόνον
917 1443 979 1515 ὅσα
995 1443 1068 1526 ἀξια
1077 1451 1118 1515 30

103 1551 303 1628 κακιξεσθαί
328 1548 395 1615 ἐστι
420 1546 669 1636 προφερόμενος
686 1546 853 1633 κακιζέτω,
880 1541 965 1614 ἀλλά
983 1546 1068 1636 ξύμ-

105 1670 216 1714 παντα
230 1645 450 1735 Ἀλεξάνδρου
470 1653 518 1726 είς
542 1649 579 1716 ἓν
593 1644 748 1736 (χωρίον)
763 1647 965 1734 ξυναγαγάυ
980 1645 1068 1715 οὕτω

60 1773 90 1812 15
105 1746 147 1832 δή
167 1749 385 1833 ἐκλογιζέσθω
412 1745 502 1827 ὅστις
520 1775 555 1816 τε
582 1744 629 1816 ἀν
656 1747 760 1828 αὐτὸς
786 1749 842 1816 καλ
861 1744 963 1838 ὁποίᾳ
980 1747 1067 1836 τάχη

104 1849 306 1938 κεχρημένος
333 1845 448 1917 ὅντινα
474 1846 658 1935 γενόμενον
686 1851 816 1918 ἐκεῖνον
842 1850 899 1916 καλ
927 1850 959 1928 ές
987 1847 1068 1917 ὅσον

28 1949 32 1956 ’
104 1947 264 2036 εὐτυχίας
277 1949 335 2036 τής
349 1947 568 2038 ἀνθρωπίνης
584 1947 728 2019 ἐλθόντα
739 1949 877 2036 βασιλέα
890 1975 926 2016 τε
939 1946 1069 2036 ἀμφοῖν

104 2060 179 2118 τοία
204 2047 357 2138 ἠπείροιν
392 2047 695 2137 ἀναμφιλογώτατα
721 2049 904 2138 γενόμενον
930 2049 986 2116 καλ
1014 2050 1068 2117 έπλ

84 2153 174 2218 πᾶν
203 2149 393 2237 ἐξικόμενον
419 2155 466 2242 τῷ
486 2149 594 2219 αὐτοῦ
613 2149 752 2239 ὀνόματι
769 2158 902 2236 κακίζει,
930 2149 1069 2237 σμικρό-

61 2251 199 2340 νοτερός
225 2279 266 2337 γε
293 2247 342 2319 τάν
368 2249 470 2331 αάτός
502 2253 559 2320 καὶ
592 2251 647 2320 ε’πὶ
674 2267 824 2340 σμικροῖς
858 2249 1068 2337 πουοόμευος

104 2354 161 2420 καλ
196 2349 277 2421 οὐδὲ
302 2353 409 2422 ταῦτα
444 2356 480 2422 ίυ
512 2352 626 2444 κόσμῳ
653 2352 836 2440 τιθέμενος.
891 2351 936 2430 ἀς
963 2355 1101 2436 ἕγωγεε

105 2457 194 2521 δοκεῖ
220 2449 271 2520 ότι
298 2451 377 2522 οὔτε
402 2481 434 2522 τι
460 2459 559 2533 ἔθνος
586 2452 780 2543 ἀνθρώπων
807 2450 884 2521 οὔτε
907 2478 955 2532 τις
974 2449 1069 2531 πόλις

107 2555 144 2621 ἐν
176 2557 222 2644 τῷ
255 2552 329 2620 τότε
354 2546 398 2640 ήν
425 2549 504 2622 οὔτε
528 2580 576 2632 τις
603 2551 650 2632 εἷς
677 2553 857 2642 ἀνθρωπος
884 2559 933 2632 είς
960 2549 1000 2621 ὃν
1027 2551 1068 2620 οὐ

106 2652 296 2741 πεφοιτήκει
312 2651 350 2721 τό
365 2653 587 2742 Ἀλεξάνδρου
606 2652 721 2741 όνομα.
749 2653 876 2722 οόκουυ
895 2648 972 2721 οὐδ’
995 2654 1068 2740 ἐμοὶ

64 2777 93 2818 25
109 2753 169 2833 ἔξω
200 2755 261 2820 τοῦ
295 2759 394 2822 θείου
426 2758 533 2839 φῦναι
566 2759 661 2822 δοκεῖ
692 2753 779 2841 ἀνήρ
822 2751 939 2821 οάδενλ
975 2750 1067 2843 ἀλλφ

106 2851 300 2942 ἀνθρώπων
316 2854 438 2934 ἐοικός.
472 2855 650 2922 καὶταῦτα
664 2858 811 2942 χρησμοί
820 2879 855 2921 τε
870 2856 1069 2940 ἐπισημῆναι

107 2956 161 3022 ἐπὶ
188 2956 229 3043 τή
247 2961 385 3044 τελευτῇ
400 2953 620 3044 Ἀλεξάνδρου
647 2953 800 3040 λέγονται
826 2955 882 3021 καὶ
909 2953 1068 3040 φάσματα

106 3052 190 3123 ἀλλα
217 3054 328 3135 ἀλλοις
354 3055 517 3144 γενόμενα
551 3057 607 3124 καὶ
636 3055 779 3124 ἐνύπνια
805 3052 956 3144 φανέντα
983 3051 1068 3122 ἀλλα

105 3153 217 3235 ἀλλοις
242 3158 299 3224 καί
325 3154 346 3244 ή
375 3159 408 3236 ἐς
424 3162 526 3224 τοῦτο
544 3158 576 3238 έξ
600 3155 795 3241 ἀνθρώπων
812 3156 889 3244 τιμή
905 3183 941 3224 τε
959 3153 1067 3224 αὐτοῦ

64 3256 162 3324 ιοκαὶ
187 3253 300 3344 μνήμη
326 3255 390 3326 οὐκ
416 3255 618 3346 ἀνθρωπίνη
645 3248 743 3344 οὖσα,
769 3257 826 3325 καὶ
851 3261 920 3326 νόν
947 3256 985 3325 δὲ
1012 3255 1066 3324 διά

104 3461 173 3526 τεόν
193 3458 403 3530 Μακεδόνων
426 3460 639 3551 χρησθέντες.
675 3460 746 3529 ἐπεὶ
764 3461 821 3528 καὶ
843 3457 949 3538 αάτδς
968 3460 1067 3546 ἐμεμ-
1085 3475 1101 3521 3
