2572 3920
433 166 616 220 ευειεεευε
634 169 658 232 1,
678 169 718 219 ιε.
1022 165 1066 232 29

97 311 249 395 Περσῶν
262 307 455 395 τεταγμένοι
468 299 570 394 ἦσαν·
583 308 640 375 καὶ
654 308 731 395 περὶ
744 304 848 377 αύτδν
862 307 1065 396 ξυνειστήκει

98 407 190 496 μάχη
214 407 377 497 καρτερά·
408 408 465 476 καλ
493 410 529 476 ἐν
546 407 653 500 τούτῳ
672 406 771 477 άλλαι
790 405 842 477 ἐπ’
862 407 977 490 άλλαις
995 415 1099 478 ποῖαί

98 507 228 590 τάξεων
258 523 328 589 τοϊς
352 507 526 579 Μακεδόσι
553 510 723 596 διέβαινον
747 506 789 578 ού
813 516 965 597 χαλεπῶς
988 508 1064 598 ἤδη.

99 610 158 677 καὶ
185 602 229 697 ἦν
253 608 315 697 μὲν
339 603 405 678 άπδ
428 615 499 678 τῶν
516 613 630 678 ίππων
648 608 669 698 ἡ
687 609 793 698 μάχη,
819 617 999 701 πεζομαχία
1027 611 1066 680 δέ

74 707 236 798 ιμάλλόν
260 738 290 778 τι
314 709 416 803 ἐῴκει.
452 709 666 799 ξυνεχόμενοι
691 709 756 799 γάρ
781 714 875 780 ἵπποι
899 739 934 780 τε
951 717 1065 792 ἵπποις

101 812 161 880 καὶ
179 811 302 899 ἄνδρες
324 809 490 900 ἀνδράσιν
506 809 724 902 ἠγωνίζοντο,
749 815 784 881 οί
798 811 861 900 μὲν
879 815 998 894 ἐξῶσαι
1016 819 1065 894 είς

101 911 196 980 ἅπαν
209 907 275 981 άπό
292 917 350 1000 τῆς
368 911 472 1000 ὄχθης
485 913 540 980 καὶ
559 915 592 993 ἐς
609 911 646 981 τό
659 917 778 981 πεδίον
791 911 972 1000 βιάσασθαι
984 913 1064 994 τούς

105 1013 260 1102 Πέρσας,
283 1018 319 1082 οί
337 1012 550 1100 Μακεδόνες,
577 1018 613 1082 oc
628 1013 667 1082 δὲ
685 1011 793 1103 εἶρξαί
813 1039 849 1082 τε
872 1011 986 1083 αὐτῶν
1003 1013 1100 1101 τῆνο

103 1119 292 1202 ἔκβασιν,ο
294 1116 463 1204 ί.Πε’ρσαι,
480 1114 536 1182 καὶ
554 1116 587 1195 ἐς
605 1114 663 1184 τόν
680 1102 832 1202 ποταμόν
849 1107 952 1196 αύθις
969 1114 1065 1184 άπά-

66 1247 90 1285 ιο
104 1225 241 1285 σασθαι
275 1215 332 1284 καὶ
362 1217 398 1284 ἐκ
429 1214 550 1284 τούτου
584 1215 822 1284 ἐπλεονέκτουν
845 1213 911 1302 ἤδη
941 1221 977 1284 οί
1000 1213 1066 1285 σύν

100 1311 311 1408 Ἀλεξάνδρῳ
333 1321 376 1406 τῇ
400 1343 435 1385 τε
460 1315 546 1404 άλλη
571 1314 667 1406 ῥύμη
690 1316 748 1384 καὶ
773 1317 917 1408 ἐμπειρί
905 1344 926 1384 α
891 1315 1035 1384 ί”καλ
1016 1342 1067 1384 οτι

102 1422 237 1499 ξυστοις
254 1423 442 1505 κρανεΐνοις
460 1414 544 1505 πρός
562 1413 672 1485 παλτιλ
693 1414 863 1504 ἐμάχοντο.

172 1517 281 1587 Ἔνθα
295 1516 336 1605 δη
354 1519 411 1586 καὶ
425 1515 633 1611 Ἀλεξάνδρῳ
648 1517 903 1606 ξυντρίβεται
867 1544 905 1587 το
924 1516 1009 1607 δόρυ
1029 1519 1099 1586 ἐνί

103 1625 145 1708 τῇ
168 1617 274 1708 μάχη·
298 1645 316 1687 ο
306 1611 411 1688 ‘'66
405 1617 566 1706 Δρετιν”
543 1645 614 1708 ητει
637 1615 722 1709 δόρυ
741 1620 873 1708 ἔτερον,
900 1616 1067 1705 ἀναβολέα
1217 1623 1220 1634 '

69 1747 174 1789 ιιτων
190 1724 387 1846 βμσιλικην
412 1721 463 1811 τῷ
487 1718 525 1787 δὲ
542 1715 661 1788 καλ’
617 1746 708 1812 αυτμ
694 1721 927 1812 πονουμένῳ
946 1739 1066 1788 συντε-

104 1822 286 1937 τριμμένον
307 1817 346 1888 τό
370 1811 495 1909 δόρυ
472 1847 536 1907 ην,
559 1847 578 1888 ο
567 1813 635 1889 ‘66
648 1848 695 1914 τῳ
681 1818 820 1909 ’ἡμίσει
837 1821 1065 1908 κεκλασμένον

105 1948 166 1990 του
155 1919 329 2010 δόρατος
347 1917 411 1990 ούκ
429 1918 568 2008 άφανως
588 1919 740 2009 ἐμάχετο,
763 1921 822 1989 καὶ
840 1925 939 1989 τοῦτο
957 1924 1067 2001 δείξας

103 2019 309 2114 Ἀλεξάνδρῳ
333 2015 437 2091 ἄλλον
461 2049 482 2089 α
485 2027 568 2091 ίτείν
605 2023 753 2091 ἐκέλευε·
787 2019 987 2112 Δημάρατος
1016 2019 1065 2108 δέ,

107 2120 194 2210 ἀνὴρ
212 2127 414 2211 Κορίνθιος,
431 2127 500 2190 τῶν
518 2115 603 2211 ἄμφ’
623 2119 730 2192 αύτόν
749 2123 907 2210 ἑταίρων,
926 2126 1067 2191 δίδωσιν

74 2221 201 2314 ιοαύιῷ
223 2221 262 2291 τό
287 2219 394 2292 αὑτοῦ
418 2221 513 2311 δόρυ.
545 2223 602 2291 καλ
632 2221 669 2304 ὃς
695 2221 876 2311 άναλαβύν
900 2223 955 2292 καὶ
984 2221 1101 2292 ίδιδνλ

110 2322 325 2413 Μιθριδάτην
350 2320 412 2392 τόν
437 2329 585 2412 Δαρείου
611 2323 776 2414 γαμβρὸν·
791 2323 879 2393 πολύ
907 2323 973 2414 πρό
999 2329 1068 2392 τῶν

109 2421 220 2494 ἄλλων
244 2423 497 2513 προϊππεύοντα
522 2424 578 2492 καλ
605 2425 773 2512 ἐπάγοντα
799 2425 868 2513 ἅμα
894 2418 1067 2512 οἷόσπερ
1135 2481 1143 2498 .

110 2530 336 2613 ἐμβαλόντων
363 2525 510 2611 ίππέων,
534 2525 703 2606 ἐξελαύνει
719 2525 776 2594 καὶ
794 2522 896 2604 αύτός
914 2522 980 2612 πρό
998 2530 1067 2592 τῶν
1181 2583 1188 2598 ,

110 2625 234 2695 άλλων·
253 2626 311 2694 καλ
329 2633 451 2705 παίσας
470 2627 504 2706 ἐς
521 2622 559 2694 τό
577 2625 758 2715 πρόσωπον
775 2631 823 2718 τῷ
838 2624 951 2713 δόρατι
963 2651 1066 2694 κατα-

77 2755 100 2796 υ
110 2726 224 2814 βάλλει
240 2723 301 2796 τὸν
319 2737 360 2797 Μ
359 2725 543 2815 ι.θριδάτην
589 2729 626 2796 έν
644 2726 682 2795 δὲ
699 2725 807 2818 τούτῳ
821 2723 988 2812 Ῥοισάκης
1005 2725 1068 2814 μὲν

112 2826 284 2898 ἐπελαύνει
299 2832 346 2920 τῷ
367 2825 573 2919 Ἀλεξάνδρου
591 2828 729 2895 καλί
665 2832 729 2895 παί
728 2853 755 2894 ει
769 2824 1043 2913 Ἀλεξάνδρου
1006 2852 1069 2912 την

110 2926 258 3026 κεφαλην
283 2955 324 3051 τη
347 2935 428 2997 κοπί
413 2932 476 2996 ίδι
512 2928 654 2996 καὶτοῦ
678 2926 741 3049 μέν
757 2925 904 3048 κράνους
927 2951 958 2994 τι
982 2923 1066 2994 άπέ-
1084 2938 1102 2989 8

100 3041 256 3118 θραυσε,
282 3055 344 3116 την
362 3026 495 3116 πληγην
512 3028 551 3097 δὲ
569 3033 644 3116 ἔσχε
660 3025 698 3096 τό
719 3026 852 3113 κράνος.
887 3024 946 3096 καὶ
963 3052 1066 3096 κατα-

111 3129 222 3216 βάλλει
238 3129 294 3197 καὶ
307 3134 428 3198 τοῦτον
443 3127 659 3218 Ἀλέξανδρος
678 3133 801 3208 παίσας
818 3153 864 3220 τῳ
851 3128 994 3219 ξυστῷ
1012 3127 1067 3198 διά

83 3233 168 3299 υτον
185 3228 341 3318 θώρακος
359 3232 393 3310 ἐς
415 3227 453 3298 τό
472 3229 621 3316 στέρνον.
645 3226 875 3317 Σπιθριδάτης
893 3226 932 3296 δὲ
949 3224 1068 3298 ιἰνετέ-

115 3357 187 3399 ιατο
210 3329 273 3420 μὲν
295 3327 360 3418 ἤδη
379 3326 432 3398 ἐπ’
457 3324 676 3419 Ἀλέξανδρον
693 3329 837 3399 ὄπισθεν
853 3327 916 3416 τὴν
932 3333 1067 3415 κοπίδα,

116 3428 313 3520 ὑποφθάσας
326 3429 364 3500 δὲ
378 3426 485 3500 αύιόν
497 3438 636 3511 Κλεῖτος
650 3428 668 3500 ό
682 3435 868 3521 Δρωπίδου
882 3434 972 3497 παίει
984 3426 1067 3496 κατά
