2546 3920
336 225 337 232 Ν
446 161 635 215 mmm
651 165 681 228 ο,
701 163 742 219 ιο.
1015 165 1077 232 281

109 315 287 388 ἀπαύστου
307 319 411 388 ποτοῦ
427 315 641 408 ἀπώλλυντο,
658 319 861 390 καὶτούτων
875 321 1082 394 ένειιαἈλέ·

109 420 253 507 ξανδρος
285 417 356 500 τοὶς
378 423 637 507 στρατοπεδείας
663 415 704 489 ού
733 420 819 511 πρδς
852 437 924 503 τοῖς
958 422 1082 494 ὕδασιν
1145 492 1147 497 ,

110 516 229 601 αὐτοῖς
254 517 293 589 τό
320 518 409 588 πολύ
432 521 590 608 ἐποιεῖτο,
616 519 741 589 ἀλλά’
722 523 857 610 απέχων
874 522 957 594 ὅσον
974 535 1079 596 εἴκοσι
1106 556 1108 560 ·

111 625 269 702 σταδίους
295 619 450 710 μάλιστα,
477 647 522 701 ως
548 620 596 746 μὴ
619 619 769 712 ἀθρόους
789 625 1012 712 ἐμπίπτοντας
1030 653 1079 719 τφ

83 717 210 792 εύδατι
233 719 361 802 αύτούς
386 748 424 792 τε
448 720 562 790 καὶ
523 748 565 790 τα
583 749 687 810 κτηνη
704 721 919 794 ἀπόλλυσθαι
935 727 992 795 και
1009 725 1078 816 ἀμα

109 848 192 904 τους
206 821 385 911 μάλιστα’
366 822 555 911 ακράτορας
574 826 670 911 σφῶν
688 819 955 914 ἐπεμβαίνοντας
972 828 1056 910 ἐς
1018 855 1078 910 τας

109 922 221 1048 πηγάς
234 920 256 1012 ἢ
269 949 311 992 τα
301 922 477 1015 ῥεύματα
490 915 704 1078 διαφθείρειν
716 926 773 995 καλ
782 952 824 1017 τη
810 925 928 1017 ἀλλη
940 934 1078 1020 στρατιά

109 1023 148 1094 τδ
175 1022 279 1112 ὕδωρ.

177 1123 287 1197 Ἔνθα
313 1124 356 1214 δὴ
383 1131 484 1216 ἔργον
509 1125 615 1196 καλὸν
641 1136 734 1218 είπερ
750 1154 782 1196 τι
798 1124 880 1198 ἀλλο
897 1133 966 1198 τῶν
981 1124 1073 1200 ’-Αλε
1085 1130 1132 1197 26

71 1253 97 1296 ιο
105 1224 319 1316 ξύνδρου’
278 1253 342 1297 ουκ
360 1227 457 1308 ἐδοξέ
470 1253 526 1316 μοι
543 1225 719 1317 ἀφανίσαι,
735 1256 757 1316 η
741 1224 813 1298 ”gv
829 1234 911 1319 τῇδε
924 1233 966 1318 τῇ
984 1231 1078 1323 χτόρηι
1209 1219 1212 1226 ⁴

111 1324 311 1417 πραχδδν’“
287 1355 310 1414 η
330 1333 598 1418 ἐτνέμπροσδεν
625 1331 662 1398 έν
688 1330 1057 1418 Παραπαμισάδαις,“
1031 1359 1078 1412 ως
1166 1337 1171 1346 ’

109 1429 313 1518 μετεξέτεροι
330 1427 542 1520 ἀνέγραψαν.
581 1429 668 1499 λέναι
685 1429 748 1517 μὲν
765 1428 828 1516 τὴν
846 1431 1004 1521 στρατιὰν
1022 1433 1077 1502 διά

109 1529 250 1619 ύοίμμυυ
268 1531 379 1600 τεκαὶ
396 1535 458 1600 τοῦ
476 1529 647 1618 καύματος
664 1529 728 1619 ἤδη
747 1532 998 1620 ἐπιφλέγοντος,
1025 1530 1113 1602 ὅτικ

109 1631 194 1721 πρὸς
218 1628 315 1719 ὕδωρ
343 1632 444 1720 ἐχρῆν
463 1631 636 1712 ἐξανύσαι·
670 1630 709 1700 τό
729 1623 828 1720 δὲῆν
851 1631 997 1722 πρόσω
1017 1637 1075 1722 τῆς
1164 1657 1192 1716 g

71 1757 97 1799 ιι
111 1730 210 1801 ὁδοῦ·
243 1733 301 1800 καλ
328 1731 434 1802 αύτόν
458 1757 494 1800 τε
508 1730 728 1820 Ἀλέξανδρον
746 1737 838 1814 δίψει
854 1733 1076 1822 κατεχόμενον

108 1833 204 1920 μόλις
217 1831 278 1921 μὲν
287 1832 344 1901 καλ
357 1837 523 1926 χαλεπαῖς,
537 1831 634 1914 πεζὸν
643 1831 780 1920 δὲόμως
793 1829 960 1922 ἡγεῖσθαι,
976 1833 1078 1904 ὥστε

14 1967 20 1978 ·
108 1935 167 2004 καὶ
193 1933 276 2014 τούς
302 1931 428 2013 ἀλλους
456 1933 676 2023 στρατιώτας,
702 1928 821 2023 οἷαίπερ
846 1943 941 2021 φιλεῖ
966 1937 1004 2004 ἐν
1028 1941 1077 2027 τῷ

109 2039 241 2126 τοιῷδε,
267 2035 483 2124 κουφοτέρως
509 2034 626 2124 φέρειν
649 2031 731 2114 τούς
746 2033 877 2114 πόνους
896 2037 933 2104 ἐν
951 2034 1080 2124 ίσότητι

109 2139 167 2222 τῆς
193 2135 483 2226 ταλαιπωρήσεως.
525 2137 563 2204 έν
588 2133 627 2204 δέ
644 2134 841 2227 τούτῳτῶν
859 2137 967 2218 ψιλῶν
983 2163 1078 2218 τινας

70 2263 96 2304 ιο
109 2235 194 2306 κατὰ
208 2236 339 2324 ζήτησιν
352 2234 477 2316 ὕδατος
495 2233 750 2324 ἀποτραπέντας
768 2231 836 2306 ἀπό
848 2241 906 2322 τῆς
920 2240 1078 2322 στρατιᾶς

109 2334 225 2424 εόρεϊν
256 2335 355 2427 ύδωρ
387 2337 652 2424 συλλελεγμένον
687 2342 726 2407 ἐν
758 2362 823 2406 τινι
854 2336 1007 2429 χαράδρα
1033 2333 1081 2406 ού

108 2444 212 2526 βαθε
210 2465 244 2539 α,
270 2436 390 2526 ὀλίγην
415 2439 472 2507 καὶ
498 2436 635 2526 φαύλην
662 2443 804 2508 πίδακα
844 2441 971 2508 τούτο
997 2431 1079 2507 οόν

108 2541 259 2625 χαλεπῶς
274 2539 499 2622 συλλέξαντας
513 2543 677 2626 σπουδῇί
663 2541 747 2608 ίέναι
761 2564 829 2661 παρ
826 2537 1080 2627 ’Ἀλέξανδρον,

25 2703 27 2706 .
110 2636 155 2718 ἀς
181 2637 267 2726 μέγα
293 2637 338 2725 δή
363 2666 394 2706 τι
419 2634 553 2725 ἀγαθόν
578 2639 759 2726 φέροντας·
794 2637 839 2719 ἀς
865 2639 904 2709 δδ
920 2641 1076 2722 ἐπέλαζον

69 2737 187 2828 εεῆδη,
213 2739 421 2826 ἐμβαλόντας
449 2740 482 2818 ἐς
507 2737 631 2825 κράνος
656 2737 696 2808 τδ
720 2737 816 2828 ύδυρ
838 2753 1077 2828 προσενεγκεῖν

108 2845 156 2932 τῷ
182 2845 322 2926 βασιλεῖ.
367 2839 430 2908 τὸν
456 2837 495 2906 δέ
520 2845 637 2926 λαβεῖν
654 2837 717 2926 μέν
734 2840 792 2907 καὶ
811 2841 981 2908 ἐπαινέσαι
996 2838 1076 2919 τούς
1093 2855 1112 2905 3

107 2947 327 3029 κομίσαντας
355 2939 504 3028 λαβόντα
521 2937 560 3008 δὲ
580 2941 616 3008 έν
635 2936 710 3022 όψει
723 2939 861 3008 πάντων
876 2939 1000 3027 ἐκχέαι·
1019 2941 1076 3010 καὶ

110 3042 166 3112 ἐπὶ
198 3044 286 3133 τῷδε
317 3045 365 3133 τῷ
390 3047 478 3132 ἔργῳ
506 3041 540 3118 ἐς
572 3039 712 3110 τοσόνδε
739 3042 989 3132 ἐπιρρωσθῆναι
1015 3040 1077 3127 τὴν

109 3141 268 3232 στρατιὰν
302 3141 481 3231 ξύμπασαν
512 3137 597 3210 ὥστε
627 3141 758 3211 εἰκάσαι
792 3139 836 3210 ἀν
868 3168 944 3211 τινα
970 3142 1077 3212 πότον

70 3275 96 3316 εο
110 3245 270 3329 γενέσθαι
287 3249 389 3312 πᾶσιν
409 3245 519 3312 ἐκεῖνο
537 3242 575 3310 τὸ
593 3238 688 3330 ὕδωρ
705 3240 743 3310 τό
760 3241 845 3331 πρὸς
855 3239 1079 3338 Ἀλεξάνδρου

110 3341 265 3432 ἐκηνδέν.
305 3349 406 3414 ’τοῦτο
433 3341 512 3430 ἐγύ,
539 3353 632 3431 είπερ
658 3367 690 3412 τι
714 3340 809 3432 ἀλλο,
834 3344 872 3413 τό
902 3349 1001 3431 ἔργον
1028 3350 1078 3422 εἰς

73 3445 77 3452 ’
109 3452 288 3536 καρτερίαν
297 3472 333 3516 τε
345 3445 403 3516 καὶ
412 3441 481 3534 ἀμα
492 3448 696 3536 στρατηγίαν
707 3446 832 3515 ἐπαινῶ
841 3441 1077 3533 Ἀλεξάνδρου.
1132 3529 1134 3534 Ι
