2620 3924
226 129 288 195 142
597 127 852 188 ΔΛΕΞΔΝΔΡΟΤ

223 269 311 356 α’μφλ
335 268 505 357 Ἐρίγυιον
538 273 595 336 καὶ
626 272 789 354 Κάρανον
822 270 907 356 πρός
937 271 1190 355 Σατιβαρζάνην
1303 333 1304 344 ,

224 371 383 458 καρτερά,
398 370 480 438 οὐδὲ
496 372 651 456 πρόσθεν
666 372 702 437 oi
720 371 887 456 βάρβαροι
910 371 1087 437 ἐνέκλιναν
1107 369 1191 454 πρὶν

225 473 481 558 Σατιβαρζάνην
501 473 713 558 ξυμπεσόντα
726 471 880 559 Ἐριγνίῳ
897 471 992 558 [πρὸς
1003 471 1189 557 Ἐριγυίου]

223 574 393 656 πληγέντα
432 573 551 655 δόρατι
593 573 628 648 ἐς
668 569 707 638 τό
757 574 942 656 πρόσωπον
986 571 1188 639 άποθανεῖν.

223 675 301 738 τότε
337 674 377 740 δὲ
414 674 630 756 ἐγκλίναντες
668 673 704 738 οἱ
743 672 910 756 βάρβαροι
950 673 1219 756 προτροπάδηνε

226 777 386 858 ἔφευγον.
731 765 737 776 ’
839 759 845 781 ’

189 889 208 940 4
306 874 361 940 Ἐν
381 876 491 961 τούτῳ
513 875 551 942 δὲ
571 872 788 959 Ἀλέξανδρος
814 874 899 958 πρός
925 876 985 941 τὸν
1005 875 1192 942 Καύκασον

224 975 263 1042 τά
284 973 367 1060 ὄρος
387 969 488 1061 ἦγεν,
516 977 574 1042 ἵνα
595 977 652 1042 καὶ
674 978 775 1042 πόλιν
797 977 907 1042 ἔκτισε
928 977 986 1042 καὶ
1013 975 1191 1060 ω’νόμασεν

221 1075 487 1163 Ἀλεξάνδρειαν·
512 1077 570 1142 καί
589 1077 701 1154 θύσας
724 1076 873 1144 ἐνταῦθα
894 1088 964 1153 τοῖς
984 1085 1079 1152 θεοῖς
1098 1073 1191 1151 ὅσοις

223 1177 328 1262 νόμος
361 1177 452 1264 αὐτῷ
486 1175 676 1261 ὑπερέβαλε
710 1176 748 1242 τὸ
785 1175 864 1262 ὅρος
898 1172 960 1243 τόν
992 1177 1188 1258 Καάκασου,
1203 1201 1233 1240 ιο

225 1279 400 1364 σατράπην
428 1279 491 1364 μὲν
518 1284 560 1364 τῇ
587 1280 681 1365 χάρη
710 1279 865 1356 ἐπιτάξας
885 1278 1057 1362 Προέξην,
1080 1275 1190 1360 ἄνδρα

224 1381 375 1465 Πέρσην,
399 1384 470 1444 τόν
490 1379 528 1445 δὲ
556 1379 699 1464 ἑταίρων
719 1379 924 1456 Νειλόξενον
946 1379 1007 1442 τόν
1028 1377 1190 1461 Σατύρου

225 1481 413 1546 ἐπίσκοπον
435 1477 498 1556 ξάν
520 1483 661 1563 στρατιᾷ
683 1477 869 1546 άπολιπεόν.

191 1593 208 1644 5
314 1577 359 1644 Τά
392 1580 431 1645 δὲ
463 1577 543 1664 ὄρος
577 1576 595 1644 ὁ
626 1579 807 1656 Καύκασος
838 1577 971 1666 ὑψηλόν
1003 1581 1065 1664 μέν
1096 1579 1190 1645 ε’στιν

224 1676 337 1766 ε’όσπερ
352 1704 385 1746 τι
406 1678 489 1746 άλλο
511 1683 571 1764 τῆς
590 1678 716 1764 Ἀσίας,
744 1678 791 1756 οἱς
813 1682 903 1764 λέγει
922 1681 1187 1764 Ἀριστόβουλος,
1203 1703 1229 1744 15

223 1779 326 1864 ψιλόν
356 1781 394 1847 δὲ
423 1778 513 1846 πολὺ
540 1777 648 1846 αὐτοῦ
674 1781 716 1846 τό
741 1804 781 1864 γε
806 1783 922 1866 ταύτῃ.
965 1779 1096 1867 μακρόν
1122 1778 1187 1863 γάρ

224 1883 305 1969 ὅρος
326 1883 551 1967 παρατέταται
574 1879 807 1962 ὁΚαόιιασος,
830 1880 915 1948 ὥστε
937 1884 993 1947 καλ
1013 1879 1073 1948 τόν
1096 1886 1187 1946 Ταῦ-

224 2007 286 2066 ρον
307 1982 345 2049 τά
361 1981 459 2068 ὅρος,
477 1979 516 2060 ός
535 1980 577 2066 δὴ
597 1980 659 2066 τὴν
674 1985 832 2048 Κιλικίαν
851 2007 887 2048 τε
908 1987 964 2048 καὶ
978 1986 1188 2067 Παμφυλίαν
1303 2031 1304 2038 1

224 2081 388 2167 άπείργει,
404 2080 472 2148 άπὸ
486 2086 549 2147 τοῦ
565 2083 750 2148 Καυκάσου
766 2079 852 2148 εἶναι
867 2083 1004 2166 λέγουσι
1023 2087 1079 2149 καί
1097 2082 1187 2147 ἄλλα
1303 2071 1304 2144 f

91 2209 105 2236 ι
223 2181 286 2266 όρη
306 2183 450 2266 μεγάλα,
469 2179 535 2248 άπό
556 2187 618 2248 τοῦ
638 2183 824 2248 Καυκάσου
845 2185 1082 2269 διακεκριμένα
1098 2182 1184 2268 άλλη
1198 2208 1226 2249 ιο

189 2283 281 2350 sual
309 2281 395 2367 άλλη
425 2283 602 2368 ἐπωνυμίᾳ
632 2281 716 2349 κατά
742 2280 812 2370 ἥβη
839 2283 880 2350 τά
908 2285 1067 2351 ἑκάστων.
1102 2282 1188 2348 άλλά

223 2386 262 2450 έν
282 2407 321 2467 γε
342 2384 452 2468 τούτῳ
474 2387 520 2468 τῷ
542 2383 712 2470 Καυκάσῳ
734 2382 838 2450 οόάὲν
859 2383 943 2452 άλλο
966 2387 1017 2450 ὅτι
1043 2382 1087 2470 μή
1109 2385 1186 2468 τέρ-

223 2489 341 2570 μινθοι
374 2483 548 2567 πεφύκασι
577 2483 634 2548 καὶ
662 2487 815 2568 σίλφιον,
849 2483 895 2562 οἱς
923 2487 1013 2569 λέγει
1037 2484 1186 2568 Ἀριστό-

222 2587 362 2668 βουλος·
395 2581 482 2648 άλλά
504 2583 561 2648 καλ
582 2580 630 2660 τάς
651 2583 812 2670 ἐπῳκεῖτο
833 2589 971 2662 πολλοῖς
992 2585 1185 2669 ἀνθρώποις

181 2755 193 2778 ⁸
223 2687 280 2750 καλ
302 2685 455 2769 πρόβατα
483 2681 592 2750 πολλά
621 2684 678 2748 καὶ
706 2685 811 2768 κτήνη
842 2685 1017 2770 ἐνέμοντο,
1049 2685 1099 2752 ότι
1127 2687 1224 2752 καὶεο

223 2789 379 2870 χαίρουσι
398 2790 444 2870 τῷ
466 2787 591 2871 σιλφίῳ
612 2783 652 2850 τά
674 2786 840 2870 πρόβατα,
864 2787 920 2851 καὶ
943 2788 973 2852 ει’
995 2790 1034 2852 ἐκ
1055 2789 1185 2851 πολλοῦ

223 2887 397 2973 πρόβατον
422 2890 562 2971 σιλφίου
587 2890 753 2968 αἴσθοιτο,
781 2886 837 2950 καὶ
861 2893 921 2952 θεῖ
946 2885 999 2952 ἐπ’
1027 2885 1107 2970 αὐτὸ
1128 2887 1184 2952 καλ

222 2989 262 3054 τό
290 3011 326 3054 τε
354 2985 461 3063 ἄνθος
491 2987 681 3070 ἐπινέμεται
710 2984 765 3050 καὶ
791 2979 854 3070 τὴν
881 2987 975 3072 ῥίζαν
1000 2984 1185 3074 άυορόττον

189 3087 281 3154 ῖκαλ
309 3089 436 3170 ταύτην
465 3089 648 3151 κατεσθίει.
692 3083 746 3152 έπλ
774 3087 860 3173 τῷδε
895 3086 934 3153 ἐν
965 3091 1103 3176 Κυρήνη
1140 3083 1186 3164 άς

223 3189 423 3270 μακροτάτω
446 3183 699 3252 ἀπελαύνουσιν
715 3187 778 3278 Ιτάς
799 3192 943 3271 ποίμνας
962 3195 1031 3255 τῶν
1053 3190 1222 3274 γῳρίωνεο

222 3287 280 3352 ἵνα
307 3283 423 3363 αὐτοῖς
450 3282 488 3352 τὸ
510 3287 647 3370 σίλφιον
669 3289 802 3370 φάτται.
827 3289 862 3352 οί
880 3289 918 3353 δὲ
939 3291 996 3354 καὶ
1017 3289 1183 3375 περιφρά-

223 3389 323 3453 σονσί
358 3408 418 3452 τον
447 3388 574 3472 γάρον,
613 3389 675 3452 τοῦ
709 3385 785 3471 μηδ’
820 3389 852 3452 εί
881 3391 1061 3455 πελάσειεν
1092 3385 1184 3474 αὐτῷ
