2546 3920
416 144 600 198 mnan:
617 149 646 212 τ,
664 149 705 198 ει.
724 149 766 199 τε.
1003 144 1067 211 323

92 306 243 396 μάλιστα
261 263 362 372 δόσιν
380 297 496 387 όλίηος
513 328 549 372 τε
567 297 585 372 ὅ
600 303 785 393 Εὐφράτης
803 305 870 392 δέει
887 305 944 374 καί
962 302 1067 374 οὐδὲν

93 423 196 496 μείου
219 406 258 473 τὸ
275 402 364 472 πολε)
383 400 493 471 αὐτοῦ
509 403 594 472 κατά
610 403 671 474 τὸν
688 403 921 476 Παλλακόπαν
939 407 1069 503 ἐκδιδοῖ
1095 441 1098 448 ·

96 511 133 588 ἐς
150 505 213 587 τάς
230 513 362 591 λίμνας.
390 508 423 571 εί
439 501 481 589 δή
498 529 547 584 τις
564 504 611 593 μὴ
627 501 832 594 ἀποφράξειε
848 505 910 575 τδν
926 513 1066 575 Παλλα-

95 609 211 678 κόπαν
229 597 345 690 αὖθις,
364 600 410 682 τίς
428 603 513 671 κατὰ
530 606 590 686 τάς
604 603 710 693 ὄχθας
725 605 889 695 ἐκτραπὲν
903 607 1067 694 φέρεσθαι

11 777 13 782 .
50 739 65 774 ε
96 711 137 778 τὸ
151 705 247 795 ὕδωρ
261 701 345 774 κατά
358 701 421 771 τόν
434 702 553 793 πόρον,
572 707 735 776 ἐκένωσεν
748 703 792 775 άν
804 706 864 775 τὸν
878 705 1066 795 Εὐφράτην

98 813 134 889 ἐς
153 806 273 894 αὐτόν,
291 803 339 884 άς-
350 801 432 892 μηδ’
449 805 657 893 ἐπάρδεσθαι
669 806 729 876 ἀπ’
746 806 856 876 αὐτοῦ
868 806 932 894 τὴν
942 806 1065 878 Ἀστυ-

98 918 180 998 ρίαν
194 911 270 995 γῆν.
297 901 373 974 ἀλλ’
393 902 660 994 άπεφράσσοντο.
670 909 736 998 γάρ
753 912 794 976 αί
805 910 839 987 ἐς
851 905 911 976 τόν
925 914 1066 978 Παλλαν
1084 923 1100 972 ο

97 1010 211 1080 κόπαν
228 1009 289 1077 τοῦ
310 1002 498 1093 Εόφράτου
527 1011 663 1096 ἐκβολαὶ
691 1006 777 1097 πρός
802 1011 863 1077 τοῦ
891 1009 1066 1096 σατράπου

97 1117 158 1197 τῆς
175 1113 401 1198 Βαβυλωνίας
427 1113 543 1200 πολλῷ
569 1109 678 1202 πόνῳ,
703 1115 825 1197 καίπερ
852 1107 894 1178 οό
912 1111 1066 1196 χαλεπῶς

55 1238 84 1277 10
100 1209 405 1298 ἀναστομούμεναι,
439 1204 490 1276 ότι
525 1208 672 1298 ίλυιόδης
697 1236 733 1279 τε
758 1209 779 1296 ἡ
806 1210 913 1300 ταότη
939 1211 1066 1296 γῆκαὶ

99 1312 206 1400 πηλός
231 1309 260 1398 ἡ
281 1306 388 1392 πολλὴ
415 1303 539 1397 τάπης,
566 1315 622 1380 οία
647 1312 810 1399 δεχομένη
836 1311 874 1380 τό
891 1307 987 1398 ὕδωρ
1004 1314 1082 1379 τοῦἸ

93 1415 253 1501 ’ποταμοῦ
280 1410 325 1497 μὴ
352 1405 484 1496 εὐμαρῆ
510 1409 571 1498 τὴν
596 1410 816 1499 ἀποστροφὴν
834 1411 942 1480 αὐτοῦ
961 1410 1068 1497 παρί-

100 1530 188 1602 χειν·
233 1505 319 1580 άλλδι
346 1507 403 1578 καί
431 1511 465 1589 ἐς
490 1519 605 1600 τρίτον
630 1517 720 1600 μῆνα
740 1511 928 1601 Ἀσσυρίων
945 1509 1067 1601 ἄνδρες

101 1610 189 1702 ὑπὲρ
215 1610 296 1691 τούς
321 1615 467 1698 μυρίους
494 1614 532 1680 έν
557 1616 646 1704 τῷδε
670 1615 718 1704 τῷ
746 1611 840 1703 πόνφ
864 1614 1066 1699 ξυνείχοντο.

58 1737 87 1778 ιε
182 1717 296 1784 Ταῦτα
305 1709 562 1794 ἀπαγγελθέντα
572 1710 965 1801 ἐπήμαηενἈλέξατδρον
976 1712 1100 1800 οἰφε-6

100 1821 204 1902 λῆσαί
226 1839 257 1882 τι
282 1810 345 1900 τήν
370 1805 487 1899 χώραν
513 1812 575 1899 την
590 1811 780 1900 Ἀσσυρίαν.
827 1819 928 1882 ἐνθεν
944 1812 1007 1901 μὲν
1025 1813 1067 1900 δὴ

102 1920 136 1996 ἐς
152 1916 213 1984 τὸν
229 1913 461 1984 Πολλακόπαν
480 1914 633 2001 ἐτρέπετο
650 1916 712 1982 τοῦ
729 1911 915 2002 Εὐφράτου
934 1913 952 1981 ὁ
972 1916 1066 2002 ῥοῦς,

100 2015 208 2104 ταάτη
236 2013 275 2084 δέ
302 2020 389 2099 ἔγνω
417 2020 562 2101 βεβαίως
589 2012 788 2083 ἀποκλεῖσαι
817 2013 879 2100 τὴν
907 2015 1065 2102 ἐκβολήνέ

102 2114 303 2206 προελθόντι
328 2113 367 2182 δὲ
385 2112 468 2181 ὅσον
486 2119 646 2194 σταδίους
670 2114 849 2203 τριάκοντα
874 2107 1067 2200 ὑπόπετρος

60 2218 122 2305 εοὴ
140 2221 183 2304 ’γῆ
204 2219 373 2304 ἐφαίνετο,
400 2218 455 2282 οἵα
481 2220 691 2302 διακοπεῖσα,
718 2220 750 2284 εί
766 2214 920 2303 ξυναφὴς
937 2217 1067 2302 με’νοιτο

102 2324 144 2407 τῇ
171 2318 275 2413 πάλαι
301 2317 442 2404 διείρυχι
466 2320 508 2404 τῇ
526 2315 610 2384 κατά
635 2314 697 2384 τόν
715 2315 962 2402 Πολλακόπαν,
989 2313 1065 2384 οὔτ’

102 2416 144 2487 άν
170 2425 359 2504 διαχεῖσθαι
385 2417 541 2502 παρέχειν
564 2413 604 2485 τό
630 2414 725 2502 ὕδωρ
751 2415 821 2485 άπὸ
848 2416 1067 2507 στερρότητος

102 2526 158 2606 τῆς
183 2521 258 2606 γῆς,
285 2517 347 2602 τήν
371 2542 407 2585 τε
432 2515 650 2605 ἀποστροφὴν
677 2512 785 2586 αὐτοῦ
812 2523 855 2605 τῇ
881 2519 1066 2607 τεταγμένη

105 2617 175 2708 όρμ
193 2618 237 2706 μὴ
256 2619 409 2705 χαλεπῶς
434 2623 621 2704 γίγνεσθαι.
666 2617 799 2688 τούτων
825 2620 924 2687 ἕνεκα
952 2621 1010 2688 ἐπί
1032 2625 1100 2688 τε7

65 2749 90 2788 τε
105 2720 163 2788 τόν
181 2717 412 2788 Παλλακότταν
439 2724 581 2788 ἔπλευσε
607 2715 756 2800 μαίνοιτ’
776 2715 884 2787 αότὸν
905 2727 1070 2788 καταπλεῖ

106 2823 139 2900 ἐς
155 2817 216 2898 τάς
234 2824 356 2905 λίμνας
374 2814 419 2897 οἱς
438 2819 492 2886 ἐπὶ
509 2819 571 2907 τὴν
586 2818 741 2908 Ἀράβων
753 2821 828 2906 γῆν.
856 2823 942 2888 ἔνθα
955 2818 1068 2909 χεῖρόν

103 2949 175 2990 τινα
202 2922 239 2989 ἐν
257 2919 349 3008 καλῷ
374 2917 458 2987 ίδιδν
484 2919 583 2988 πόλιν
602 2918 836 3012 ἐξῳκοδόμησέ
849 2945 885 2988 τε
902 2919 960 2988 καὶ
979 2923 1067 2990 ἐτεί-

104 3042 185 3110 χισε,
211 3021 268 3089 καὶ
296 3022 334 3088 ἐν
359 3017 466 3108 ταότη
500 3021 663 3112 κατῴκισε
686 3023 755 3089 τόν
779 3019 947 3108 Ἑλλήνων
973 3021 1067 3101 τινάς

103 3125 170 3192 τῶν
199 3119 433 3210 μισθοφόρων,
466 3119 541 3190 ὅσοι
573 3147 609 3190 τε
642 3121 773 3201 ἑκόντες
806 3123 863 3190 καὶ
896 3119 971 3191 ὅσοι
996 3116 1066 3192 όπδ

65 3249 88 3290 τι
104 3223 211 3314 γήρως
237 3217 259 3310 ἢ
283 3220 367 3290 κατά
395 3219 544 3311 πήρωσιν
570 3219 734 3311 άττόλεμοι
757 3213 853 3310 ἦσαν.

176 3322 290 3404 Αὐτός
317 3321 355 3392 δὲ
382 3319 428 3402 τός
449 3322 618 3409 ἐξελέγξας
644 3323 686 3410 δὴ
713 3327 783 3392 τῶν
801 3326 983 3394 Χαλδαίων
1001 3324 1117 3412 τὴν22

101 3433 276 3514 μαντείαν,
302 3421 353 3495 ὅτι
379 3423 484 3494 ον’δέν
510 3423 676 3492 πεπόνθοι
703 3427 739 3493 ἐν
757 3426 938 3513 Βαβυλῶνι
954 3423 1065 3516 ἄχαρι,

806 3535 859 3586 21*
