<?xml version="1.0" encoding="UTF-8"?>
<!DOCTYPE html PUBLIC "-//W3C//DTD XHTML 1.0 Transitional//EN"
    "http://www.w3.org/TR/xhtml1/DTD/xhtml1-transitional.dtd">
<html xmlns="http://www.w3.org/1999/xhtml" xml:lang="en" lang="en">
 <head>
  <title>
</title>
<meta http-equiv="Content-Type" content="text/html;charset=utf-8" />
  <meta name='ocr-system' content='tesseract 3.04.00' />
  <meta name='ocr-capabilities' content='ocr_page ocr_carea ocr_par ocr_line ocrx_word'/>
</head>
<body>
  <div class='ocr_page' id='page_1' title='image "./arrianianabasis01arrigoog_0041.png"; bbox 0 0 2572 3920; ppageno 0'>
   <div class='ocr_carea' id='block_1_1' title="bbox 200 167 803 234">
    <p class='ocr_par' dir='ltr' id='par_1_1' title="bbox 200 167 803 234">
     <span class='ocr_line' id='line_1_1' title="bbox 200 167 803 234; baseline 0.003 -12"><span class='ocrx_word' id='word_1_1' title='bbox 200 170 244 234; x_wconf 83' lang='grc'><strong><em>20</em></strong></span> <span class='ocrx_word' id='word_1_2' title='bbox 555 167 803 228; x_wconf 77' lang='grc' dir='ltr'><strong>ΑΛΕΞΑΝΔῬΟΤ</strong></span> 
     </span>
    </p>
   </div>
   <div class='ocr_carea' id='block_1_2' title="bbox 201 306 1163 400">
    <p class='ocr_par' dir='ltr' id='par_1_2' title="bbox 201 306 1163 400">
     <span class='ocr_line' id='line_1_2' title="bbox 201 306 1163 400; baseline 0.001 -20"><span class='ocrx_word' id='word_1_3' title='bbox 201 306 294 390; x_wconf 85' lang='grc' dir='ltr'><strong><em>ταιάς</em></strong></span> <span class='ocrx_word' id='word_1_4' title='bbox 312 308 502 398; x_wconf 78' lang='grc' dir='ltr'><strong><em>άναστῆσαί</em></strong></span> <span class='ocrx_word' id='word_1_5' title='bbox 523 311 633 380; x_wconf 80' lang='grc' dir='ltr'><strong><em>τεκαὶ</em></strong></span> <span class='ocrx_word' id='word_1_6' title='bbox 659 317 797 398; x_wconf 80' lang='grc' dir='ltr'><em>τειχίσαι</em></span> <span class='ocrx_word' id='word_1_7' title='bbox 815 314 851 380; x_wconf 88' lang='grc' dir='ltr'><strong><em>οί</em></strong></span> <span class='ocrx_word' id='word_1_8' title='bbox 873 308 1038 400; x_wconf 78' lang='grc' dir='ltr'><strong><em>ξύμμαχοι</em></strong></span> <span class='ocrx_word' id='word_1_9' title='bbox 1054 316 1163 398; x_wconf 80' lang='grc' dir='ltr'><strong><em>έγνω·</em></strong></span> 
     </span>
    </p>
   </div>
   <div class='ocr_carea' id='block_1_3' title="bbox 47 431 1205 3522">
    <p class='ocr_par' dir='ltr' id='par_1_3' title="bbox 202 431 761 486">
     <span class='ocr_line' id='line_1_3' title="bbox 202 431 761 486; baseline 0.013 -7"><span class='ocrx_word' id='word_1_10' title='bbox 202 431 276 480; x_wconf 93' lang='grc' dir='ltr'><strong><em>σαν.</em></strong></span> <span class='ocrx_word' id='word_1_11' title='bbox 319 469 326 482; x_wconf 85' lang='grc'><strong>.</strong></span> <span class='ocrx_word' id='word_1_12' title='bbox 758 479 761 486; x_wconf 91' lang='grc'>.</span> 
     </span>
    </p>

    <p class='ocr_par' dir='ltr' id='par_1_4' title="bbox 154 505 1192 1003">
     <span class='ocr_line' id='line_1_4' title="bbox 154 505 1164 604; baseline -0.006 -18"><span class='ocrx_word' id='word_1_13' title='bbox 154 521 195 586; x_wconf 91' lang='grc'><strong><em>10</em></strong></span> <span class='ocrx_word' id='word_1_14' title='bbox 275 509 326 592; x_wconf 86' lang='grc' dir='ltr'><strong><em>Ἐς</em></strong></span> <span class='ocrx_word' id='word_1_15' title='bbox 345 511 383 580; x_wconf 78' lang='grc' dir='ltr'><strong><em>δέ</em></strong></span> <span class='ocrx_word' id='word_1_16' title='bbox 399 508 481 592; x_wconf 87' lang='grc' dir='ltr'><strong><em>τούς</em></strong></span> <span class='ocrx_word' id='word_1_17' title='bbox 498 509 622 592; x_wconf 80' lang='grc' dir='ltr'><strong><em>ἄλλους</em></strong></span> <span class='ocrx_word' id='word_1_18' title='bbox 638 509 801 600; x_wconf 80' lang='grc' dir='ltr'><strong><em>Ἕλληνας</em></strong></span> <span class='ocrx_word' id='word_1_19' title='bbox 824 505 870 592; x_wconf 86' lang='grc' dir='ltr'><strong><em>ώς</em></strong></span> <span class='ocrx_word' id='word_1_20' title='bbox 889 513 1077 604; x_wconf 41' lang='grc' dir='ltr'><strong><em>,ἐξηγγέλθη</em></strong></span> <span class='ocrx_word' id='word_1_21' title='bbox 1094 517 1164 581; x_wconf 82' lang='grc' dir='ltr'><strong><em>τών</em></strong></span> 
     </span>
     <span class='ocr_line' id='line_1_5' title="bbox 204 608 1163 702; baseline -0.001 -20"><span class='ocrx_word' id='word_1_22' title='bbox 204 619 362 701; x_wconf 85' lang='grc' dir='ltr'><strong><em>Θηβαίων</em></strong></span> <span class='ocrx_word' id='word_1_23' title='bbox 378 610 416 681; x_wconf 88' lang='grc' dir='ltr'><strong><em>τδ</em></strong></span> <span class='ocrx_word' id='word_1_24' title='bbox 434 611 561 700; x_wconf 89' lang='grc' dir='ltr'><strong><em>πάθος,</em></strong></span> <span class='ocrx_word' id='word_1_25' title='bbox 582 608 739 702; x_wconf 78' lang='grc' dir='ltr'><strong><em>Ἀρκάδες</em></strong></span> <span class='ocrx_word' id='word_1_26' title='bbox 762 611 826 701; x_wconf 70' lang='grc' dir='ltr'><strong><em>μέν</em></strong></span> <span class='ocrx_word' id='word_1_27' title='bbox 848 611 920 682; x_wconf 84' lang='grc' dir='ltr'>ὅσοι</span> <span class='ocrx_word' id='word_1_28' title='bbox 937 611 1163 700; x_wconf 78' lang='grc' dir='ltr'><strong><em>βοηθήσοντες</em></strong></span> 
     </span>
     <span class='ocr_line' id='line_1_6' title="bbox 205 711 1192 803; baseline -0.007 -17"><span class='ocrx_word' id='word_1_29' title='bbox 205 721 362 803; x_wconf 83' lang='grc' dir='ltr'><strong><em>Θηβαίοις</em></strong></span> <span class='ocrx_word' id='word_1_30' title='bbox 380 711 446 782; x_wconf 85' lang='grc' dir='ltr'><strong><em>άπδ</em></strong></span> <span class='ocrx_word' id='word_1_31' title='bbox 463 718 521 800; x_wconf 85' lang='grc' dir='ltr'><strong><em>τῆς</em></strong></span> <span class='ocrx_word' id='word_1_32' title='bbox 536 719 662 794; x_wconf 79' lang='grc' dir='ltr'><strong><em>οἰκείας</em></strong></span> <span class='ocrx_word' id='word_1_33' title='bbox 681 711 888 803; x_wconf 75' lang='grc' dir='ltr'><strong><em>ὡρμήθησαν</em></strong></span> <span class='ocrx_word' id='word_1_34' title='bbox 900 712 1051 782; x_wconf 87' lang='grc' dir='ltr'><strong><em>θάνατον</em></strong></span> <span class='ocrx_word' id='word_1_35' title='bbox 1064 739 1161 782; x_wconf 83' lang='grc' dir='ltr'><strong><em>κατε·</em></strong></span> <span class='ocrx_word' id='word_1_36' title='bbox 1176 736 1192 778; x_wconf 85' lang='grc' dir='ltr'><strong><em>ε</em></strong></span> 
     </span>
     <span class='ocr_line' id='line_1_7' title="bbox 204 813 1162 904; baseline -0.002 -20"><span class='ocrx_word' id='word_1_37' title='bbox 204 822 396 904; x_wconf 89' lang='grc' dir='ltr'><strong><em>ψηφίσαντο</em></strong></span> <span class='ocrx_word' id='word_1_38' title='bbox 421 815 490 883; x_wconf 85' lang='grc' dir='ltr'><strong><em>τών</em></strong></span> <span class='ocrx_word' id='word_1_39' title='bbox 517 813 713 902; x_wconf 77' lang='grc' dir='ltr'><strong><em>ἐπαράντων</em></strong></span> <span class='ocrx_word' id='word_1_40' title='bbox 739 815 827 902; x_wconf 84' lang='grc' dir='ltr'><strong><em>σφάς</em></strong></span> <span class='ocrx_word' id='word_1_41' title='bbox 854 817 887 894; x_wconf 90' lang='grc' dir='ltr'><strong><em>ἐς</em></strong></span> <span class='ocrx_word' id='word_1_42' title='bbox 911 813 973 901; x_wconf 80' lang='grc' dir='ltr'><strong><em>την</em></strong></span> <span class='ocrx_word' id='word_1_43' title='bbox 991 813 1162 902; x_wconf 84' lang='grc' dir='ltr'><strong><em>βοήθειαν.</em></strong></span> 
     </span>
     <span class='ocr_line' id='line_1_8' title="bbox 200 913 1163 1003; baseline -0.003 -18"><span class='ocrx_word' id='word_1_44' title='bbox 200 915 331 986; x_wconf 84' lang='grc' dir='ltr'><strong><em>Ἠλεῖοι</em></strong></span> <span class='ocrx_word' id='word_1_45' title='bbox 341 916 379 985; x_wconf 74' lang='grc' dir='ltr'><strong><em>δὲ</em></strong></span> <span class='ocrx_word' id='word_1_46' title='bbox 395 913 476 996; x_wconf 85' lang='grc' dir='ltr'><strong><em>τούς</em></strong></span> <span class='ocrx_word' id='word_1_47' title='bbox 494 914 651 1002; x_wconf 75' lang='grc' dir='ltr'><strong><em>φυγάδας</em></strong></span> <span class='ocrx_word' id='word_1_48' title='bbox 669 919 767 1003; x_wconf 83' lang='grc' dir='ltr'><strong><em>σφώυ</em></strong></span> <span class='ocrx_word' id='word_1_49' title='bbox 780 915 1008 1001; x_wconf 77' lang='grc' dir='ltr'><strong><em>κατεδέξαντο,</em></strong></span> <span class='ocrx_word' id='word_1_50' title='bbox 1027 914 1076 983; x_wconf 80' lang='grc' dir='ltr'><strong><em>ὅτι</em></strong></span> <span class='ocrx_word' id='word_1_51' title='bbox 1090 917 1163 982; x_wconf 88' lang='grc' dir='ltr'><strong><em>ἐπι-</em></strong></span> 
     </span>
    </p>

    <p class='ocr_par' dir='ltr' id='par_1_5' title="bbox 171 1007 1205 1708">
     <span class='ocr_line' id='line_1_9' title="bbox 171 1007 1163 1108; baseline 0.002 -28"><span class='ocrx_word' id='word_1_52' title='bbox 171 1015 327 1104; x_wconf 74' lang='grc' dir='ltr'><strong><em>ντήδειοι</em></strong></span> <span class='ocrx_word' id='word_1_53' title='bbox 359 1014 567 1108; x_wconf 75' lang='grc' dir='ltr'><strong><em>Ἀλεξάνδρῳ</em></strong></span> <span class='ocrx_word' id='word_1_54' title='bbox 595 1007 698 1103; x_wconf 83' lang='grc' dir='ltr'><strong><em>ἦσαν·</em></strong></span> <span class='ocrx_word' id='word_1_55' title='bbox 739 1015 887 1086; x_wconf 85' lang='grc' dir='ltr'><strong><em>Αίτωλοὶ</em></strong></span> <span class='ocrx_word' id='word_1_56' title='bbox 917 1015 955 1084; x_wconf 73' lang='grc' dir='ltr'><strong><em>δέ</em></strong></span> <span class='ocrx_word' id='word_1_57' title='bbox 985 1021 1163 1103; x_wconf 79' lang='grc' dir='ltr'><strong><em>πρεσβείας</em></strong></span> 
     </span>
     <span class='ocr_line' id='line_1_10' title="bbox 205 1115 1163 1206; baseline -0.004 -20"><span class='ocrx_word' id='word_1_58' title='bbox 205 1123 302 1206; x_wconf 80' lang='grc' dir='ltr'><strong><em>σφῶν</em></strong></span> <span class='ocrx_word' id='word_1_59' title='bbox 319 1115 403 1186; x_wconf 83' lang='grc' dir='ltr'><strong><em>κατά</em></strong></span> <span class='ocrx_word' id='word_1_60' title='bbox 426 1122 511 1204; x_wconf 81' lang='grc' dir='ltr'><strong><em>ἔθνη</em></strong></span> <span class='ocrx_word' id='word_1_61' title='bbox 529 1116 719 1205; x_wconf 76' lang='grc' dir='ltr'><strong><em>πέμψαντες</em></strong></span> <span class='ocrx_word' id='word_1_62' title='bbox 735 1115 933 1204; x_wconf 76' lang='grc' dir='ltr'><strong><em>ξυγγνώμης</em></strong></span> <span class='ocrx_word' id='word_1_63' title='bbox 949 1129 1064 1204; x_wconf 80' lang='grc' dir='ltr'><strong><em>τυχεῖν</em></strong></span> <span class='ocrx_word' id='word_1_64' title='bbox 1088 1115 1163 1184; x_wconf 86' lang='grc' dir='ltr'><strong><em>ἐδέ-</em></strong></span> 
     </span>
     <span class='ocr_line' id='line_1_11' title="bbox 206 1211 1205 1306; baseline -0.008 -18"><span class='ocrx_word' id='word_1_65' title='bbox 206 1245 300 1306; x_wconf 92' lang='grc' dir='ltr'><strong><em>οντο,</em></strong></span> <span class='ocrx_word' id='word_1_66' title='bbox 325 1217 375 1286; x_wconf 83' lang='grc' dir='ltr'><strong><em>ὅτι</em></strong></span> <span class='ocrx_word' id='word_1_67' title='bbox 391 1217 448 1285; x_wconf 80' lang='grc' dir='ltr'><strong><em>καὶ</em></strong></span> <span class='ocrx_word' id='word_1_68' title='bbox 469 1211 570 1286; x_wconf 91' lang='grc' dir='ltr'><strong><em>αύτοί</em></strong></span> <span class='ocrx_word' id='word_1_69' title='bbox 584 1243 615 1285; x_wconf 89' lang='grc' dir='ltr'><strong><em>τι</em></strong></span> <span class='ocrx_word' id='word_1_70' title='bbox 638 1215 722 1304; x_wconf 82' lang='grc' dir='ltr'><strong><em>πρὸς</em></strong></span> <span class='ocrx_word' id='word_1_71' title='bbox 745 1215 786 1285; x_wconf 83' lang='grc' dir='ltr'><strong><em>τά</em></strong></span> <span class='ocrx_word' id='word_1_72' title='bbox 805 1215 895 1305; x_wconf 88' lang='grc' dir='ltr'><strong><em>παρά</em></strong></span> <span class='ocrx_word' id='word_1_73' title='bbox 918 1221 987 1285; x_wconf 84' lang='grc' dir='ltr'><strong><em>τών</em></strong></span> <span class='ocrx_word' id='word_1_74' title='bbox 1006 1221 1163 1302; x_wconf 75' lang='grc' dir='ltr'><strong><em>(θηβαίων</em></strong></span> <span class='ocrx_word' id='word_1_75' title='bbox 1178 1241 1205 1280; x_wconf 91' lang='grc' dir='ltr'><strong><em>ιο</em></strong></span> 
     </span>
     <span class='ocr_line' id='line_1_12' title="bbox 206 1314 1164 1412; baseline -0.002 -26"><span class='ocrx_word' id='word_1_76' title='bbox 206 1317 462 1412; x_wconf 77' lang='grc' dir='ltr'><strong><em>ἀπαγγελθέντα</em></strong></span> <span class='ocrx_word' id='word_1_77' title='bbox 477 1318 708 1406; x_wconf 79' lang='grc' dir='ltr'><strong><em>ἐνεωτέρισαν·</em></strong></span> <span class='ocrx_word' id='word_1_78' title='bbox 721 1314 895 1404; x_wconf 72' lang='grc' dir='ltr'><strong><em>Ἀθηναῖοι</em></strong></span> <span class='ocrx_word' id='word_1_79' title='bbox 908 1317 957 1404; x_wconf 91' lang='grc' dir='ltr'><strong><em>δέ,</em></strong></span> <span class='ocrx_word' id='word_1_80' title='bbox 970 1323 1164 1406; x_wconf 88' lang='grc' dir='ltr'><strong><em>μυστηρίων</em></strong></span> 
     </span>
     <span class='ocr_line' id='line_1_13' title="bbox 206 1409 1164 1508; baseline -0.002 -20"><span class='ocrx_word' id='word_1_81' title='bbox 206 1424 274 1488; x_wconf 83' lang='grc' dir='ltr'><strong><em>τών</em></strong></span> <span class='ocrx_word' id='word_1_82' title='bbox 291 1418 446 1507; x_wconf 83' lang='grc' dir='ltr'><strong><em>μεγάλων</em></strong></span> <span class='ocrx_word' id='word_1_83' title='bbox 464 1415 640 1508; x_wconf 86' lang='grc' dir='ltr'><strong><em>άγομίνων</em></strong></span> <span class='ocrx_word' id='word_1_84' title='bbox 658 1415 703 1498; x_wconf 84' lang='grc' dir='ltr'><strong><em>ώς</em></strong></span> <span class='ocrx_word' id='word_1_85' title='bbox 720 1409 805 1505; x_wconf 79' lang='grc' dir='ltr'><strong><em>ἧκόν</em></strong></span> <span class='ocrx_word' id='word_1_86' title='bbox 821 1413 907 1497; x_wconf 77' lang='grc' dir='ltr'><strong><em>τινες</em></strong></span> <span class='ocrx_word' id='word_1_87' title='bbox 923 1420 993 1486; x_wconf 82' lang='grc' dir='ltr'><strong><em>τών</em></strong></span> <span class='ocrx_word' id='word_1_88' title='bbox 1006 1423 1164 1505; x_wconf 78' lang='grc' dir='ltr'><strong><em>Θηβαίων</em></strong></span> 
     </span>
     <span class='ocr_line' id='line_1_14' title="bbox 207 1513 1164 1607; baseline -0.002 -19"><span class='ocrx_word' id='word_1_89' title='bbox 207 1521 240 1600; x_wconf 85' lang='grc' dir='ltr'><strong><em>ἐξ</em></strong></span> <span class='ocrx_word' id='word_1_90' title='bbox 264 1517 371 1588; x_wconf 75' lang='grc' dir='ltr'><strong><em>αὐτοῦ</em></strong></span> <span class='ocrx_word' id='word_1_91' title='bbox 387 1524 449 1588; x_wconf 87' lang='grc' dir='ltr'><strong><em>τού</em></strong></span> <span class='ocrx_word' id='word_1_92' title='bbox 467 1524 587 1607; x_wconf 79' lang='grc' dir='ltr'><strong><em>ἔργον,</em></strong></span> <span class='ocrx_word' id='word_1_93' title='bbox 613 1516 654 1586; x_wconf 82' lang='grc' dir='ltr'><strong><em>τά</em></strong></span> <span class='ocrx_word' id='word_1_94' title='bbox 675 1517 739 1606; x_wconf 71' lang='grc' dir='ltr'><strong><em>μέν</em></strong></span> <span class='ocrx_word' id='word_1_95' title='bbox 764 1513 928 1606; x_wconf 84' lang='grc' dir='ltr'><strong><em>μυστήρια</em></strong></span> <span class='ocrx_word' id='word_1_96' title='bbox 946 1518 1164 1604; x_wconf 76' lang='grc' dir='ltr'><strong><em>ἐκπλαγέντες</em></strong></span> 
     </span>
     <span class='ocr_line' id='line_1_15' title="bbox 209 1616 1164 1708; baseline -0.002 -20"><span class='ocrx_word' id='word_1_97' title='bbox 209 1621 373 1706; x_wconf 82' lang='grc' dir='ltr'><strong><em>ἐξέλιπον,</em></strong></span> <span class='ocrx_word' id='word_1_98' title='bbox 408 1621 445 1687; x_wconf 90' lang='grc' dir='ltr'><strong><em>ἐκ</em></strong></span> <span class='ocrx_word' id='word_1_99' title='bbox 470 1618 509 1688; x_wconf 70' lang='grc' dir='ltr'><strong><em>δέ</em></strong></span> <span class='ocrx_word' id='word_1_100' title='bbox 531 1623 601 1688; x_wconf 83' lang='grc' dir='ltr'><strong><em>τών</em></strong></span> <span class='ocrx_word' id='word_1_101' title='bbox 623 1616 740 1708; x_wconf 86' lang='grc' dir='ltr'><strong><em>άγρών</em></strong></span> <span class='ocrx_word' id='word_1_102' title='bbox 764 1617 1020 1705; x_wconf 76' lang='grc' dir='ltr'><strong><em>ἐσκευαγώγουν</em></strong></span> <span class='ocrx_word' id='word_1_103' title='bbox 1045 1620 1078 1699; x_wconf 89' lang='grc' dir='ltr'><strong><em>ἐς</em></strong></span> <span class='ocrx_word' id='word_1_104' title='bbox 1100 1617 1164 1705; x_wconf 81' lang='grc' dir='ltr'><strong><em>τὴν</em></strong></span> 
     </span>
    </p>

    <p class='ocr_par' dir='ltr' id='par_1_6' title="bbox 173 1717 1203 2313">
     <span class='ocr_line' id='line_1_16' title="bbox 173 1717 1203 1807; baseline -0.004 -17"><span class='ocrx_word' id='word_1_105' title='bbox 173 1719 314 1790; x_wconf 76' lang='grc' dir='ltr'><strong><em>θπόλιν.</em></strong></span> <span class='ocrx_word' id='word_1_106' title='bbox 340 1718 358 1788; x_wconf 87' lang='grc' dir='ltr'><strong><em>δ</em></strong></span> <span class='ocrx_word' id='word_1_107' title='bbox 376 1724 481 1807; x_wconf 80' lang='grc' dir='ltr'><strong><em>δῆμος</em></strong></span> <span class='ocrx_word' id='word_1_108' title='bbox 499 1718 537 1790; x_wconf 73' lang='grc' dir='ltr'><strong><em>δὲ</em></strong></span> <span class='ocrx_word' id='word_1_109' title='bbox 555 1722 588 1799; x_wconf 92' lang='grc' dir='ltr'><strong><em>ἐς</em></strong></span> <span class='ocrx_word' id='word_1_110' title='bbox 606 1721 785 1807; x_wconf 79' lang='grc' dir='ltr'><strong><em>ἐκκλησίαν</em></strong></span> <span class='ocrx_word' id='word_1_111' title='bbox 803 1717 983 1788; x_wconf 84' lang='grc' dir='ltr'><strong><em>σννελθιδν</em></strong></span> <span class='ocrx_word' id='word_1_112' title='bbox 999 1719 1163 1807; x_wconf 78' lang='grc' dir='ltr'><strong><em>Δημάδου</em></strong></span> <span class='ocrx_word' id='word_1_113' title='bbox 1177 1745 1203 1786; x_wconf 83' lang='grc' dir='ltr'><strong><em>ιε</em></strong></span> 
     </span>
     <span class='ocr_line' id='line_1_17' title="bbox 206 1816 1165 1910; baseline -0.001 -20"><span class='ocrx_word' id='word_1_114' title='bbox 206 1820 397 1910; x_wconf 83' lang='grc' dir='ltr'><strong><em>γράψαντος</em></strong></span> <span class='ocrx_word' id='word_1_115' title='bbox 415 1821 497 1889; x_wconf 89' lang='grc' dir='ltr'><strong><em>δέκα</em></strong></span> <span class='ocrx_word' id='word_1_116' title='bbox 514 1822 667 1909; x_wconf 87' lang='grc' dir='ltr'><strong><em>πρέσβεις</em></strong></span> <span class='ocrx_word' id='word_1_117' title='bbox 685 1821 722 1889; x_wconf 90' lang='grc' dir='ltr'><strong><em>ἐκ</em></strong></span> <span class='ocrx_word' id='word_1_118' title='bbox 738 1819 875 1888; x_wconf 88' lang='grc' dir='ltr'><strong><em>πάντων</em></strong></span> <span class='ocrx_word' id='word_1_119' title='bbox 891 1823 960 1888; x_wconf 82' lang='grc' dir='ltr'><strong><em>τών</em></strong></span> <span class='ocrx_word' id='word_1_120' title='bbox 973 1816 1165 1907; x_wconf 86' lang='grc' dir='ltr'><strong><em>Ἀθηναίων</em></strong></span> 
     </span>
     <span class='ocr_line' id='line_1_18' title="bbox 209 1918 1165 2011; baseline -0.003 -20"><span class='ocrx_word' id='word_1_121' title='bbox 209 1921 440 2010; x_wconf 85' lang='grc' dir='ltr'><strong><em>ἐπιλεξάμενος</em></strong></span> <span class='ocrx_word' id='word_1_122' title='bbox 474 1923 595 2010; x_wconf 84' lang='grc' dir='ltr'><strong><em>πέμπει</em></strong></span> <span class='ocrx_word' id='word_1_123' title='bbox 628 1919 719 2011; x_wconf 85' lang='grc' dir='ltr'><strong><em>παρά</em></strong></span> <span class='ocrx_word' id='word_1_124' title='bbox 753 1918 973 2010; x_wconf 85' lang='grc' dir='ltr'><strong><em>Ἀλέξανδρον</em></strong></span> <span class='ocrx_word' id='word_1_125' title='bbox 1007 1919 1165 2001; x_wconf 79' lang='grc' dir='ltr'><strong><em>οὕστινας</em></strong></span> 
     </span>
     <span class='ocr_line' id='line_1_19' title="bbox 209 2019 1165 2113; baseline -0.003 -21"><span class='ocrx_word' id='word_1_126' title='bbox 209 2021 496 2108; x_wconf 81' lang='grc' dir='ltr'><strong><em>ἐπιτηδειοτάτους</em></strong></span> <span class='ocrx_word' id='word_1_127' title='bbox 506 2019 713 2113; x_wconf 83' lang='grc' dir='ltr'><strong><em>Ἀλεξάνδρφ</em></strong></span> <span class='ocrx_word' id='word_1_128' title='bbox 728 2023 945 2108; x_wconf 91' lang='grc' dir='ltr'><strong><em>ἐγίγνωσκον,</em></strong></span> <span class='ocrx_word' id='word_1_129' title='bbox 964 2020 1014 2090; x_wconf 80' lang='grc' dir='ltr'><strong><em>ὅτι</em></strong></span> <span class='ocrx_word' id='word_1_130' title='bbox 1030 2048 1065 2090; x_wconf 91' lang='grc' dir='ltr'><strong><em>τε</em></strong></span> <span class='ocrx_word' id='word_1_131' title='bbox 1079 2027 1165 2102; x_wconf 87' lang='grc' dir='ltr'><strong><em>σώος</em></strong></span> 
     </span>
     <span class='ocr_line' id='line_1_20' title="bbox 209 2119 1164 2212; baseline -0.002 -20"><span class='ocrx_word' id='word_1_132' title='bbox 209 2125 241 2204; x_wconf 85' lang='grc' dir='ltr'><strong><em>ἐξ</em></strong></span> <span class='ocrx_word' id='word_1_133' title='bbox 263 2119 435 2210; x_wconf 85' lang='grc' dir='ltr'><strong><em>Ἰλλυριών</em></strong></span> <span class='ocrx_word' id='word_1_134' title='bbox 458 2122 516 2190; x_wconf 85' lang='grc' dir='ltr'><strong><em>καὶ</em></strong></span> <span class='ocrx_word' id='word_1_135' title='bbox 546 2125 741 2212; x_wconf 74' lang='grc' dir='ltr'><strong><em>Τριβαλλῶν</em></strong></span> <span class='ocrx_word' id='word_1_136' title='bbox 761 2123 930 2208; x_wconf 74' lang='grc' dir='ltr'><strong><em>ἐπανῆλθε</em></strong></span> <span class='ocrx_word' id='word_1_137' title='bbox 956 2127 1083 2210; x_wconf 82' lang='grc' dir='ltr'><strong><em>χαίρειν</em></strong></span> <span class='ocrx_word' id='word_1_138' title='bbox 1106 2120 1164 2190; x_wconf 88' lang='grc' dir='ltr'><strong><em>τδν</em></strong></span> 
     </span>
     <span class='ocr_line' id='line_1_21' title="bbox 208 2216 1203 2313; baseline -0.002 -21"><span class='ocrx_word' id='word_1_139' title='bbox 208 2227 316 2311; x_wconf 80' lang='grc' dir='ltr'><strong><em>δῆμον</em></strong></span> <span class='ocrx_word' id='word_1_140' title='bbox 332 2228 401 2291; x_wconf 84' lang='grc' dir='ltr'><strong><em>τών</em></strong></span> <span class='ocrx_word' id='word_1_141' title='bbox 421 2219 614 2310; x_wconf 86' lang='grc' dir='ltr'><strong><em>Ἀθηναίων</em></strong></span> <span class='ocrx_word' id='word_1_142' title='bbox 630 2219 694 2290; x_wconf 90' lang='grc' dir='ltr'><strong><em>ούκ</em></strong></span> <span class='ocrx_word' id='word_1_143' title='bbox 711 2223 748 2290; x_wconf 87' lang='grc' dir='ltr'><strong><em>ἐν</em></strong></span> <span class='ocrx_word' id='word_1_144' title='bbox 768 2227 873 2313; x_wconf 77' lang='grc' dir='ltr'><strong><em>καιρῷ</em></strong></span> <span class='ocrx_word' id='word_1_145' title='bbox 890 2216 1164 2309; x_wconf 84' lang='grc' dir='ltr'><strong><em>άπαγγελούντας</em></strong></span> <span class='ocrx_word' id='word_1_146' title='bbox 1177 2249 1203 2290; x_wconf 82' lang='grc' dir='ltr'><strong><em>τι</em></strong></span> 
     </span>
    </p>

    <p class='ocr_par' dir='ltr' id='par_1_7' title="bbox 173 2320 1203 2916">
     <span class='ocr_line' id='line_1_22' title="bbox 173 2320 1164 2412; baseline 0 -20"><span class='ocrx_word' id='word_1_147' title='bbox 173 2324 265 2392; x_wconf 61' lang='lat' dir='ltr'><strong><em>maz</em></strong></span> <span class='ocrx_word' id='word_1_148' title='bbox 288 2322 339 2393; x_wconf 84' lang='grc' dir='ltr'><strong><em>ὅτι</em></strong></span> <span class='ocrx_word' id='word_1_149' title='bbox 358 2324 610 2410; x_wconf 80' lang='grc' dir='ltr'><strong><em>Θηβαίουςτοῦ</em></strong></span> <span class='ocrx_word' id='word_1_150' title='bbox 630 2320 853 2412; x_wconf 82' lang='grc' dir='ltr'><strong><em>νεωτερισμοῦ</em></strong></span> <span class='ocrx_word' id='word_1_151' title='bbox 879 2322 1110 2412; x_wconf 81' lang='grc' dir='ltr'><strong><em>ἐτιμωρήσατο.</em></strong></span> <span class='ocrx_word' id='word_1_152' title='bbox 1146 2321 1164 2392; x_wconf 85' lang='grc' dir='ltr'>ὁ</span> 
     </span>
     <span class='ocr_line' id='line_1_23' title="bbox 209 2421 1166 2512; baseline -0.001 -19"><span class='ocrx_word' id='word_1_153' title='bbox 209 2425 247 2494; x_wconf 72' lang='grc' dir='ltr'><strong><em>δέ</em></strong></span> <span class='ocrx_word' id='word_1_154' title='bbox 271 2423 312 2493; x_wconf 86' lang='grc' dir='ltr'><strong><em>τά</em></strong></span> <span class='ocrx_word' id='word_1_155' title='bbox 333 2423 396 2512; x_wconf 74' lang='grc' dir='ltr'><strong><em>μὲν</em></strong></span> <span class='ocrx_word' id='word_1_156' title='bbox 422 2421 508 2492; x_wconf 79' lang='grc' dir='ltr'><strong><em>ἄλλα</em></strong></span> <span class='ocrx_word' id='word_1_157' title='bbox 525 2421 775 2512; x_wconf 74' lang='grc' dir='ltr'><strong><em>φιλανθρώπως</em></strong></span> <span class='ocrx_word' id='word_1_158' title='bbox 792 2421 877 2510; x_wconf 83' lang='grc' dir='ltr'><strong><em>πρὸς</em></strong></span> <span class='ocrx_word' id='word_1_159' title='bbox 898 2422 961 2511; x_wconf 78' lang='grc' dir='ltr'><strong><em>τὴν</em></strong></span> <span class='ocrx_word' id='word_1_160' title='bbox 984 2430 1166 2512; x_wconf 89' lang='grc' dir='ltr'><strong><em>πρεσβείαν</em></strong></span> 
     </span>
     <span class='ocr_line' id='line_1_24' title="bbox 210 2521 1166 2614; baseline 0.001 -21"><span class='ocrx_word' id='word_1_161' title='bbox 210 2523 429 2614; x_wconf 77' lang='grc' dir='ltr'><strong><em>ἀπεκρίνατο,</em></strong></span> <span class='ocrx_word' id='word_1_162' title='bbox 461 2521 637 2611; x_wconf 84' lang='grc' dir='ltr'><strong><em>ἐπιστολὴν</em></strong></span> <span class='ocrx_word' id='word_1_163' title='bbox 660 2522 699 2591; x_wconf 70' lang='grc' dir='ltr'><strong><em>δὲ</em></strong></span> <span class='ocrx_word' id='word_1_164' title='bbox 720 2521 852 2612; x_wconf 84' lang='grc' dir='ltr'><strong><em>γράψας</em></strong></span> <span class='ocrx_word' id='word_1_165' title='bbox 873 2523 957 2614; x_wconf 81' lang='grc' dir='ltr'><strong><em>πρὸς</em></strong></span> <span class='ocrx_word' id='word_1_166' title='bbox 980 2523 1040 2594; x_wconf 89' lang='grc' dir='ltr'><strong><em>τδν</em></strong></span> <span class='ocrx_word' id='word_1_167' title='bbox 1058 2525 1166 2614; x_wconf 80' lang='grc' dir='ltr'><strong><em>δῆμον</em></strong></span> 
     </span>
     <span class='ocr_line' id='line_1_25' title="bbox 210 2621 1165 2714; baseline -0.002 -20"><span class='ocrx_word' id='word_1_168' title='bbox 210 2625 316 2714; x_wconf 79' lang='grc' dir='ltr'><strong><em>ἐξῄτει</em></strong></span> <span class='ocrx_word' id='word_1_169' title='bbox 332 2622 412 2705; x_wconf 86' lang='grc' dir='ltr'><strong><em>τούς</em></strong></span> <span class='ocrx_word' id='word_1_170' title='bbox 430 2621 518 2712; x_wconf 81' lang='grc' dir='ltr'><strong><em>άμφὶ</em></strong></span> <span class='ocrx_word' id='word_1_171' title='bbox 536 2623 763 2712; x_wconf 85' lang='grc' dir='ltr'><strong><em>Δημοσθένην</em></strong></span> <span class='ocrx_word' id='word_1_172' title='bbox 786 2624 842 2692; x_wconf 79' lang='grc' dir='ltr'><strong><em>καὶ</em></strong></span> <span class='ocrx_word' id='word_1_173' title='bbox 859 2629 1077 2714; x_wconf 86' lang='grc' dir='ltr'><strong><em>Λυκούργου·</em></strong></span> <span class='ocrx_word' id='word_1_174' title='bbox 1108 2626 1165 2694; x_wconf 82' lang='grc' dir='ltr'><strong><em>καὶ</em></strong></span> 
     </span>
     <span class='ocr_line' id='line_1_26' title="bbox 205 2721 1203 2816; baseline -0.002 -20"><span class='ocrx_word' id='word_1_175' title='bbox 205 2721 400 2816; x_wconf 66' lang='grc' dir='ltr'><strong><em>Ὑπερείδην</em></strong></span> <span class='ocrx_word' id='word_1_176' title='bbox 417 2724 455 2793; x_wconf 75' lang='grc' dir='ltr'><strong><em>δέ</em></strong></span> <span class='ocrx_word' id='word_1_177' title='bbox 469 2723 573 2814; x_wconf 75' lang='grc' dir='ltr'><strong><em>ἐξῄτει</em></strong></span> <span class='ocrx_word' id='word_1_178' title='bbox 588 2724 644 2793; x_wconf 80' lang='grc' dir='ltr'><strong><em>καὶ</em></strong></span> <span class='ocrx_word' id='word_1_179' title='bbox 657 2722 874 2794; x_wconf 76' lang='grc' dir='ltr'><strong><em>Πολύευκτον</em></strong></span> <span class='ocrx_word' id='word_1_180' title='bbox 887 2725 943 2794; x_wconf 79' lang='grc' dir='ltr'><strong><em>καί</em></strong></span> <span class='ocrx_word' id='word_1_181' title='bbox 956 2725 1093 2813; x_wconf 86' lang='grc' dir='ltr'><strong><em>Χάρητα</em></strong></span> <span class='ocrx_word' id='word_1_182' title='bbox 1109 2726 1164 2794; x_wconf 85' lang='grc' dir='ltr'><strong><em>καὶ</em></strong></span> <span class='ocrx_word' id='word_1_183' title='bbox 1178 2753 1203 2794; x_wconf 77' lang='grc' dir='ltr'><strong><em>τε</em></strong></span> 
     </span>
     <span class='ocr_line' id='line_1_27' title="bbox 210 2823 1166 2916; baseline -0.003 -19"><span class='ocrx_word' id='word_1_184' title='bbox 210 2831 406 2915; x_wconf 85' lang='grc' dir='ltr'><strong><em>Χαρίδημον</em></strong></span> <span class='ocrx_word' id='word_1_185' title='bbox 423 2825 480 2894; x_wconf 85' lang='grc' dir='ltr'><strong><em>καὶ</em></strong></span> <span class='ocrx_word' id='word_1_186' title='bbox 500 2823 674 2913; x_wconf 87' lang='grc' dir='ltr'><strong><em>Ἐφιάλτην</em></strong></span> <span class='ocrx_word' id='word_1_187' title='bbox 696 2824 753 2894; x_wconf 82' lang='grc' dir='ltr'><strong><em>καί</em></strong></span> <span class='ocrx_word' id='word_1_188' title='bbox 771 2824 930 2914; x_wconf 87' lang='grc' dir='ltr'><strong><em>Διότιμον</em></strong></span> <span class='ocrx_word' id='word_1_189' title='bbox 953 2826 1011 2894; x_wconf 82' lang='grc' dir='ltr'><strong><em>καὶ</em></strong></span> <span class='ocrx_word' id='word_1_190' title='bbox 1034 2837 1166 2916; x_wconf 88' lang='grc' dir='ltr'><strong><em>Μοιρο-</em></strong></span> 
     </span>
    </p>

    <p class='ocr_par' dir='ltr' id='par_1_8' title="bbox 176 2921 1271 3417">
     <span class='ocr_line' id='line_1_28' title="bbox 176 2921 1165 3017; baseline 0 -21"><span class='ocrx_word' id='word_1_191' title='bbox 176 2929 305 2997; x_wconf 73' lang='grc' dir='ltr'><strong><em>ῠκλία·</em></strong></span> <span class='ocrx_word' id='word_1_192' title='bbox 323 2925 464 3006; x_wconf 77' lang='grc' dir='ltr'><strong><em>τούτους</em></strong></span> <span class='ocrx_word' id='word_1_193' title='bbox 487 2925 553 3015; x_wconf 86' lang='grc' dir='ltr'><strong><em>γάρ</em></strong></span> <span class='ocrx_word' id='word_1_194' title='bbox 571 2931 699 3005; x_wconf 84' lang='grc' dir='ltr'><strong><em>αἰτίους</em></strong></span> <span class='ocrx_word' id='word_1_195' title='bbox 724 2923 810 2994; x_wconf 80' lang='grc' dir='ltr'><strong><em>εἶναι</em></strong></span> <span class='ocrx_word' id='word_1_196' title='bbox 832 2931 891 3013; x_wconf 81' lang='grc' dir='ltr'><strong><em>τῆς</em></strong></span> <span class='ocrx_word' id='word_1_197' title='bbox 914 2951 950 2996; x_wconf 91' lang='grc' dir='ltr'><strong><em>τε</em></strong></span> <span class='ocrx_word' id='word_1_198' title='bbox 973 2921 1012 2996; x_wconf 83' lang='grc' dir='ltr'><strong><em>έν</em></strong></span> <span class='ocrx_word' id='word_1_199' title='bbox 1031 2937 1165 3017; x_wconf 88' lang='grc' dir='ltr'><strong><em>Χαιρω-</em></strong></span> 
     </span>
     <span class='ocr_line' id='line_1_29' title="bbox 209 3025 1166 3119; baseline 0.001 -23"><span class='ocrx_word' id='word_1_200' title='bbox 209 3034 285 3119; x_wconf 83' lang='grc' dir='ltr'><strong><em>νείηι</em></strong></span> <span class='ocrx_word' id='word_1_201' title='bbox 303 3029 477 3117; x_wconf 84' lang='grc' dir='ltr'><strong><em>ξυμφορᾶς</em></strong></span> <span class='ocrx_word' id='word_1_202' title='bbox 493 3031 536 3115; x_wconf 79' lang='grc' dir='ltr'><strong><em>τῇ</em></strong></span> <span class='ocrx_word' id='word_1_203' title='bbox 554 3025 649 3095; x_wconf 83' lang='grc' dir='ltr'><strong><em>πόλει</em></strong></span> <span class='ocrx_word' id='word_1_204' title='bbox 669 3025 849 3112; x_wconf 88' lang='grc' dir='ltr'><strong><em>γενομένης</em></strong></span> <span class='ocrx_word' id='word_1_205' title='bbox 865 3026 922 3094; x_wconf 85' lang='grc' dir='ltr'><strong><em>καὶ</em></strong></span> <span class='ocrx_word' id='word_1_206' title='bbox 938 3031 1008 3096; x_wconf 80' lang='grc' dir='ltr'><strong><em>τών</em></strong></span> <span class='ocrx_word' id='word_1_207' title='bbox 1023 3025 1166 3118; x_wconf 79' lang='grc' dir='ltr'><strong><em>ὕστερον</em></strong></span> 
     </span>
     <span class='ocr_line' id='line_1_30' title="bbox 209 3125 1166 3218; baseline -0.001 -20"><span class='ocrx_word' id='word_1_208' title='bbox 209 3125 266 3198; x_wconf 72' lang='grc' dir='ltr'><strong><em>ἐπὶ</em></strong></span> <span class='ocrx_word' id='word_1_209' title='bbox 279 3133 321 3218; x_wconf 78' lang='grc' dir='ltr'><strong><em>τῇ</em></strong></span> <span class='ocrx_word' id='word_1_210' title='bbox 336 3133 505 3198; x_wconf 86' lang='grc' dir='ltr'><strong><em>Φιλίππου</em></strong></span> <span class='ocrx_word' id='word_1_211' title='bbox 518 3131 657 3214; x_wconf 79' lang='grc' dir='ltr'><strong><em>τελευτῇ</em></strong></span> <span class='ocrx_word' id='word_1_212' title='bbox 672 3127 980 3214; x_wconf 86' lang='grc' dir='ltr'><strong><em>πλημμεληθέντων</em></strong></span> <span class='ocrx_word' id='word_1_213' title='bbox 997 3132 1031 3208; x_wconf 81' lang='grc' dir='ltr'><strong><em>ἐς</em></strong></span> <span class='ocrx_word' id='word_1_214' title='bbox 1048 3155 1084 3197; x_wconf 87' lang='grc' dir='ltr'><strong><em>τε</em></strong></span> <span class='ocrx_word' id='word_1_215' title='bbox 1101 3126 1166 3199; x_wconf 71' lang='lat' dir='ltr'><strong><em>at}—</em></strong></span> 
     </span>
     <span class='ocr_line' id='line_1_31' title="bbox 209 3225 1204 3324; baseline 0.001 -25"><span class='ocrx_word' id='word_1_216' title='bbox 209 3227 271 3299; x_wconf 87' lang='grc' dir='ltr'><strong><em>τδν</em></strong></span> <span class='ocrx_word' id='word_1_217' title='bbox 289 3228 345 3297; x_wconf 83' lang='grc' dir='ltr'><strong><em>καὶ</em></strong></span> <span class='ocrx_word' id='word_1_218' title='bbox 363 3226 397 3308; x_wconf 84' lang='grc' dir='ltr'><strong><em>ές</em></strong></span> <span class='ocrx_word' id='word_1_219' title='bbox 417 3233 600 3298; x_wconf 86' lang='grc' dir='ltr'><strong><em>Φίλιππον·</em></strong></span> <span class='ocrx_word' id='word_1_220' title='bbox 627 3226 684 3296; x_wconf 79' lang='grc' dir='ltr'><strong><em>καὶ</em></strong></span> <span class='ocrx_word' id='word_1_221' title='bbox 709 3232 867 3314; x_wconf 82' lang='grc' dir='ltr'><strong><em>Θηβαίοις</em></strong></span> <span class='ocrx_word' id='word_1_222' title='bbox 884 3227 923 3296; x_wconf 79' lang='grc' dir='ltr'><strong><em>δέ</em></strong></span> <span class='ocrx_word' id='word_1_223' title='bbox 939 3233 998 3324; x_wconf 77' lang='grc' dir='ltr'><strong><em>της</em></strong></span> <span class='ocrx_word' id='word_1_224' title='bbox 1016 3225 1165 3300; x_wconf 88' lang='grc' dir='ltr'><strong><em>άποστά-</em></strong></span> <span class='ocrx_word' id='word_1_225' title='bbox 1176 3256 1204 3300; x_wconf 82' lang='grc' dir='ltr'><strong><em>ιο</em></strong></span> 
     </span>
     <span class='ocr_line' id='line_1_32' title="bbox 211 3320 1165 3417; baseline -0.001 -18"><span class='ocrx_word' id='word_1_226' title='bbox 211 3350 294 3409; x_wconf 87' lang='grc' dir='ltr'><strong><em>σεως</em></strong></span> <span class='ocrx_word' id='word_1_227' title='bbox 312 3326 497 3417; x_wconf 87' lang='grc' dir='ltr'><strong><em>άπέφαινεν</em></strong></span> <span class='ocrx_word' id='word_1_228' title='bbox 515 3331 644 3408; x_wconf 79' lang='grc' dir='ltr'><strong><em>αἰτίους</em></strong></span> <span class='ocrx_word' id='word_1_229' title='bbox 661 3323 702 3397; x_wconf 90' lang='grc' dir='ltr'><strong><em>ού</em></strong></span> <span class='ocrx_word' id='word_1_230' title='bbox 720 3341 817 3416; x_wconf 80' lang='grc' dir='ltr'><strong><em>μεῖον</em></strong></span> <span class='ocrx_word' id='word_1_231' title='bbox 832 3320 855 3414; x_wconf 82' lang='grc' dir='ltr'><em>ἢ</em></span> <span class='ocrx_word' id='word_1_232' title='bbox 871 3323 952 3408; x_wconf 89' lang='grc' dir='ltr'><strong><em>τούς</em></strong></span> <span class='ocrx_word' id='word_1_233' title='bbox 969 3326 1084 3398; x_wconf 85' lang='grc' dir='ltr'><strong><em>αύτών</em></strong></span> <span class='ocrx_word' id='word_1_234' title='bbox 1098 3339 1165 3416; x_wconf 81' lang='grc' dir='ltr'><strong><em>Θη-</em></strong></span> 
     </span>
    </p>

    <p class='ocr_par' dir='ltr' id='par_1_9' title="bbox 47 3423 1165 3522">
     <span class='ocr_line' id='line_1_33' title="bbox 47 3423 1165 3522; baseline 0.007 -30"><span class='ocrx_word' id='word_1_235' title='bbox 47 3515 50 3522; x_wconf 14' lang='lat' dir='ltr'>A</span> <span class='ocrx_word' id='word_1_236' title='bbox 178 3443 195 3492; x_wconf 81' lang='grc'><strong>6</strong></span> <span class='ocrx_word' id='word_1_237' title='bbox 212 3436 320 3517; x_wconf 90' lang='grc' dir='ltr'><strong><em>βαίων</em></strong></span> <span class='ocrx_word' id='word_1_238' title='bbox 332 3434 602 3518; x_wconf 88' lang='grc' dir='ltr'><strong><em>νεωτερίσαντας.</em></strong></span> <span class='ocrx_word' id='word_1_239' title='bbox 631 3423 805 3516; x_wconf 78' lang='grc' dir='ltr'><strong><em>Ἀθηναῖοι</em></strong></span> <span class='ocrx_word' id='word_1_240' title='bbox 822 3429 860 3498; x_wconf 73' lang='grc' dir='ltr'><strong><em>δέ</em></strong></span> <span class='ocrx_word' id='word_1_241' title='bbox 872 3427 950 3510; x_wconf 86' lang='grc' dir='ltr'><strong><em>τούς</em></strong></span> <span class='ocrx_word' id='word_1_242' title='bbox 963 3429 1027 3518; x_wconf 74' lang='grc' dir='ltr'><strong><em>μέν</em></strong></span> <span class='ocrx_word' id='word_1_243' title='bbox 1040 3428 1165 3520; x_wconf 74' lang='grc' dir='ltr'><strong><em>ἄνδρας</em></strong></span> 
     </span>
    </p>
   </div>
   <div class='ocr_carea' id='block_1_4' title="bbox 0 0 1303 3920">
    <p class='ocr_par' dir='ltr' id='par_1_10' title="bbox 0 0 1303 3920">
     <span class='ocr_line' id='line_1_34' title="bbox 0 0 1303 3920; baseline 0 0"><span class='ocrx_word' id='word_1_244' title='bbox 0 0 1303 3920; x_wconf 95' lang='lat' dir='ltr'><strong><em> </em></strong></span> 
     </span>
    </p>
   </div>
  </div>
 </body>
</html>
