2632 3922
223 157 287 221 220
578 156 831 216 ΑΛΕΞΑΝΔΡΟΤ

184 397 187 402 ¹
218 312 440 400 Ἀλέξανδρόν
465 339 501 382 τε
527 308 634 382 αότόν
652 318 808 383 κατεῖδον
827 311 939 382 καὶτὸ
959 329 1081 400 στῖφος
1101 313 1205 402 ἄμφ’

222 410 330 484 αότδν
356 417 424 482 τῶν
454 415 599 500 ίππέων,
627 412 691 482 οόιι
719 415 774 483 ἐπὶ
800 412 970 502 μετώπου,
998 411 1085 482 άλλά
1115 415 1205 484 κατ’

224 523 298 596 ίλας
326 513 537 603 ἐμβεβληκός.
580 516 637 583 καὶ
667 514 801 583 τούτων
834 515 955 594 ἱππέας
981 513 1045 601 μὲν
1071 530 1205 586 πεσεῖν

224 619 258 696 ές
293 623 547 703 τετρακοσίους,
579 628 694 684 πεσεῖν
728 613 767 683 δέ
798 616 943 684 καὶτοῦ
970 613 1099 702 Πάρου
1130 616 1202 686 τὸν

223 721 343 786 παῖδα·
387 716 428 784 τὰ
461 715 500 783 δέ
531 715 663 804 ἅρματα
695 714 813 796 αὐτοῖς
844 720 959 796 ίπποις
992 713 1125 784 άλῶναι
1158 722 1235 786 ένε

222 843 258 886 τε
283 823 326 904 τῇ
352 813 564 904 ἀποχωρήσει
597 817 704 904 βαρέα
736 814 918 904 γιγνόμενα
944 815 1001 884 καὶ
1029 818 1066 884 όν
1093 816 1201 909 αὐτῷ

222 922 271 1010 τῷ
297 923 385 1008 ἔργφ
411 914 481 984 όπδ
507 922 617 1002 πηλοῦ
644 911 771 1004 άχρεῖα.
871 939 874 946 ·

188 1040 205 1089 3
301 1020 421 1104 Πῶρος
448 1014 486 1084 δὲ
512 1015 558 1094 είς
585 1013 678 1107 αότῷ
705 1015 778 1085 ὅσοι
804 1020 916 1098 ίππεῖς
943 1020 979 1088 ἐκ
997 1023 1054 1106 τῆς
1073 1020 1199 1106 φυγῆς

222 1116 416 1199 διεσώζοντο
439 1115 662 1206 Ἀλέξανδρόν
686 1143 723 1186 τε
752 1115 859 1186 αὐτὸν
885 1119 1097 1206 πεπερακότα
1124 1118 1198 1199 ξύν

222 1221 294 1304 τῆς
312 1219 512 1305 στρατιάς
530 1221 584 1307 τῷ
602 1217 902 1310 καρτερωτάτῳ
919 1221 977 1287 καλ
995 1219 1056 1287 τὸν
1074 1222 1191 1288 παῖδα
1205 1245 1237 1284 ιο

223 1322 261 1388 έν
286 1319 327 1407 τῇ
353 1317 443 1406 μάχη
470 1315 724 1404 τετελευτηκότα
746 1315 918 1405 ἤγγειλαν,
946 1318 1195 1406 έγίγνετομὲν

226 1415 348 1496 καλός
375 1417 563 1505 ἀμφίβολος
588 1422 631 1506 τῇ
657 1417 790 1506 γνοόμη,
816 1415 868 1488 ὅτι
892 1420 949 1487 καὶ
975 1425 1011 1488 οί
1034 1419 1194 1488 ἀπὸτοῦ

221 1518 424 1606 καταντικρδ
439 1521 500 1585 τοῦ
508 1517 657 1604 μεγάλου
668 1519 897 1607 στρατοπέδου
909 1523 945 1588 οἱ
951 1518 1015 1601 ξόν
1025 1520 1194 1612 Κρατέρῳ

221 1617 495 1705 ὑπολελειμμένοι
509 1619 753 1706 ἐπιχειροῦντες
765 1621 810 1708 τῇ
823 1619 975 1707 διαβάσει
990 1623 1194 1705 ἐφαίνοντο·

188 1723 332 1789 λείλετο
358 1717 389 1788 δ’
419 1708 484 1788 οὖν
511 1717 564 1788 ἐπ’
593 1717 701 1788 αὐτόν
724 1716 946 1808 Ἀλέξανδρον
974 1720 1095 1800 έλάσας
1122 1720 1235 1802 ξόνιε

221 1821 264 1906 τῇ
299 1821 436 1909 στρατιᾷ
469 1819 561 1909 πόση
589 1820 673 1906 πρὸς
698 1820 736 1887 τδ
769 1821 1022 1909 καρτερώτατόν
1052 1826 1190 1890 τετῶν

221 1920 436 1990 Μακεδόνων
461 1922 518 1990 καὶ
545 1919 652 1989 αότδν
669 1919 885 2008 τὸνβασιλέα
903 1925 1186 2007 διαγωνίσασθαι.

222 2021 309 2090 άλλά
328 2023 385 2089 καὶ
405 2017 451 2099 δός
469 2019 609 2106 όλίγους
626 2022 696 2088 τῶν
719 2020 912 2108 ἐλεφάντων
930 2020 998 2090 σόν
1016 2018 1057 2089 οό
1077 2027 1189 2109 πολλῇ

223 2123 361 2210 στρατιᾷ
387 2115 497 2188 αὐτοῦ
525 2121 580 2189 ἐπὶ
605 2125 667 2188 τοῦ
694 2123 922 2209 στρατοπέδου
940 2120 1112 2206 ἀπέλιπεν,
1140 2119 1189 2202 οές

222 2229 344 2310 φοβεῖν
370 2217 437 2288 άπὸ
462 2221 522 2306 τῆς
540 2217 652 2307 ’ὄχθης
677 2220 758 2301 τούς
775 2221 839 2302 ξδν
863 2223 1025 2313 Κρατέρφ
1051 2222 1185 2302 ίππέας.
1201 2251 1228 2289 εο

223 2319 327 2401 αὐτός
368 2318 407 2389 δὲ
440 2319 502 2405 τήν
535 2345 571 2388 τε
609 2324 716 2404 ’ίππον
752 2320 934 2409 άναλαβαλν
979 2327 1109 2408 πάσαν,
1152 2325 1188 2404 ές
1289 2335 1290 2388 λ

211 2426 504 2510 ’τετρακισχιλίους
520 2419 653 2507 ίππέας,
669 2421 726 2490 καλ
743 2419 784 2490 τά
803 2420 936 2510 ἅρματα
951 2422 1074 2508 πάντα,
1091 2448 1187 2511 τρια·
1288 2439 1289 2508 η

222 2521 319 2592 κόσια
336 2519 431 2607 ὄντα,
457 2521 514 2588 καὶ
532 2526 600 2589 τῶν
619 2518 813 2608 ἐλεφάντων
831 2526 1024 2610 διακοσίους
1041 2523 1186 2590 καὶτῶν
1288 2509 1289 2584 f

223 2627 329 2706 πεζόν
355 2619 375 2689 ό
399 2647 432 2688 τι
458 2642 520 2709 περ
546 2615 687 2708 ὄφελος,
714 2624 748 2702 ἐς
773 2629 1013 2711 τρισμυρίους,
1038 2619 1185 2709 ἤλαυνεν

188 2717 269 2804 σός
303 2719 355 2792 ἐπ’
384 2719 615 2810 Ἀλέξανδρον
666 2719 712 2802 αἱς
746 2719 781 2790 δ’
816 2723 952 2810 ἐνέτυχε
983 2728 1096 2815 χωρίφ
1127 2728 1222 2792 ’ίναιε

223 2823 265 2894 οὐ
293 2820 399 2912 πηλός
426 2821 519 2915 αὐτῷ
548 2825 724 2910 ἐφαίνετο,
751 2819 828 2891 ἀλλ’
856 2821 926 2892 δπό
954 2823 1093 2910 ψάμμου
1120 2820 1184 2913 γάρ

222 2925 358 3012 ξόμπαν
382 2913 426 3010 ἦν
452 2922 578 2992 ἄπεδον
603 2925 661 2992 καὶ
688 2921 825 3011 στερεόν
852 2925 886 3003 ές
909 2921 969 3004 τάς
987 2922 1132 3010 ἐφόδους
1149 2950 1184 2993 τε

221 3027 280 3094 καλ
307 3022 524 3112 άναστροφάς
550 3025 618 3091 τῶν
644 3027 771 3110 ἵππων,
802 3025 953 3094 ἐνταῦθα
981 3029 1099 3094 ἔτασσε
1124 3024 1182 3110 τὴν

222 3124 393 3213 στρατιάν,
407 3123 563 3210 κρότους
574 3121 640 3210 μὲν
652 3120 734 3202 τοός
750 3125 935 3211 ἐλέφαντας
949 3124 1004 3192 ε’πὶ
1017 3123 1180 3211 μετώπου,

222 3226 374 3312 διέχοντα
393 3224 559 3312 ἐλέφαντα
578 3224 761 3312 ἐλέφαντος
778 3222 819 3294 οὐ
838 3238 933 3307 μεῖον
952 3225 1116 3313 πλέθρου,
1139 3221 1179 3306 ὥς
1191 3249 1217 3290 ιο
1285 3227 1286 3270 ¹

221 3325 288 3415 πρὸ
325 3323 435 3410 πάσης
470 3350 507 3394 τε
540 3326 599 3411 τῆς
638 3323 813 3412 φάλαγγος
845 3327 915 3392 τόν
941 3330 1048 3409 πεζῶν
1074 3348 1177 3414 παρα-

220 3427 366 3512 ταθῆναι
379 3421 472 3516 αὐτῷ
486 3421 566 3520 τοδς
582 3426 766 3514 ἐλέφαντας
777 3425 832 3492 έπλ
845 3424 1002 3511 μετοίκου
1013 3424 1068 3492 καὶ
1077 3423 1178 3512 φόβον
