2620 3924
571 139 829 196 AAEEANAPOT»

552 424 847 508 APPIANOY

354 592 669 668 ΑΝΑΒΑΣΕΩΣ
695 557 1044 672 ΑΛΕΞΑΝΔΡου

510 761 665 813 BIBAION
682 760 886 813 TETAPTON.

181 909 198 970 1
295 899 346 974 Οῦ
382 907 522 982 πολλαῖς
555 899 593 970 δὲ
622 897 758 989 ἡμέραις
789 897 932 988 ὕστερον
962 899 1185 988 ἀφικνοῦνται
1218 919 1221 924 “

216 1000 296 1091 παρ’
318 1002 537 1088 Ἀλέξανδρον
570 1003 725 1090 πρέσβεις
751 1000 842 1086 παρά
868 1028 903 1068 τε
934 1005 1087 1071 Σκυθων
1112 1009 1184 1070 τῶν

214 1103 338 1190 Ἀβίων
364 1102 593 1190 καλουμένων,
621 1099 699 1190 (οῦς
716 1101 773 1170 καὶ
791 1099 936 1189 Ὅμηρος
954 1101 1183 1183 δικαιοτάτους

218 1202 424 1291 ἀνθρώπους
443 1201 548 1271 εἰπάν
575 1205 612 1271 έν
630 1208 672 1289 τῆ
699 1200 827 1288 ποιήσει
846 1201 1024 1290 έπῆνεσεν·
1052 1209 1184 1272 οἰκοῦσι

218 1305 256 1374 δὲ
288 1307 325 1373 έν
350 1307 392 1393 τῆ
418 1304 511 1392 Ἀσίᾳ
537 1293 631 1372 οῦτοι
657 1299 855 1390 αότόνομοι,
883 1300 945 1390 οῦχ
977 1303 1093 1390 ἥκιστα
1127 1303 1212 1372 διάε

218 1412 340 1475 πενίαν
376 1430 412 1473 τε
441 1404 498 1471 καί
529 1401 731 1491 δικαιότητα)
762 1403 818 1470 καὶ
848 1402 939 1490 παρά
968 1410 1037 1473 τῶν
1064 1407 1100 1473 ἐκ
1125 1411 1185 1491 τῆς

218 1504 387 1594 Εὐρώπης
415 1509 578 1590 Σκυθῶν,
605 1511 642 1572 οἳ
665 1502 706 1590 δῆ
733 1501 950 1589 τόμέγιστον
969 1509 1068 1585 ἔθνος
1087 1507 1125 1573 έν
1141 1511 1185 1593 τῆ
1211 1557 1220 1564 -

185 1603 371 1694 οΕόροόπη
406 1607 585 1673 έποικοῦσι.
641 1606 697 1670 καὶ
723 1603 854 1683 τούτοις
881 1606 1066 1693 ξυμπέμπει
1089 1603 1184 1674 Ἀλέ-

219 1709 360 1793 ξανδρος
378 1711 447 1774 των
466 1705 618 1792 ἑταίρων,
638 1703 808 1791 πρόφασιν
825 1705 887 1792 μὲν
906 1704 990 1773 κατά
1004 1713 1186 1794 πρεσβείαν

219 1812 338 1895 φιλίαν
364 1806 656 1893 ξυνθησομένους,
683 1802 701 1874 ό
728 1805 766 1873 δὲ
796 1810 878 1884 νοῦς
904 1810 962 1892 τῆς
989 1812 1123 1894 πομπῆς
1152 1810 1185 1886 ές
1201 1839 1228 1878 ιο

218 1906 433 1994 κατασκοπήν
459 1933 490 1976 τι
506 1912 634 1994 μᾶλλον
660 1913 758 1994 ἔφερε
784 1903 920 1992 φύσεώς
944 1933 979 1974 τε
997 1911 1056 1993 τῆς
1076 1907 1186 1995 χώρας

218 2015 279 2096 τῆς
298 2013 472 2092 Σκυθικῆς
498 2007 554 2074 καὶ
572 2005 726 2092 πλήθους
752 2003 866 2074 νότων
888 2007 944 2074 καὶ
962 2015 1112 2095 νομαίων
1129 2009 1186 2076 καὶ

220 2103 387 2188 ὁπλίσεως
414 2107 529 2194 ῆντινα
558 2113 689 2195 ἔχοντες
716 2106 906 2174 στέλλονται
933 2110 966 2188 εξ
992 2107 1051 2188 τάς
1068 2108 1186 2195 μάχας.

186 2238 202 2286 3
297 2203 410 2288 Αότός
442 2206 481 2275 δὲ
513 2205 598 2292 πρός
630 2211 677 2296 τῷ
715 2205 857 2275 Τανάϊδι
887 2214 1025 2299 ποταμῷ
1059 2209 1187 2278 ἐπενόει

220 2308 319 2379 πόλιν
346 2314 480 2395 οἰκίσαι,
506 2307 563 2375 καὶ
588 2306 714 2396 ταῦτην
742 2310 864 2377 ἑαυτοῦ
884 2307 1071 2396 ἐπώνυμον.
1115 2308 1187 2378 ὅτε
1202 2339 1228 2380 15

220 2409 285 2498 γάρ
312 2414 420 2498 χῶρος
447 2407 629 2495 έπιτῆδειος
656 2407 748 2501 αὐτῷ
776 2410 929 2495 ἐφαίνετο
956 2405 1098 2498 αόξῆσαι
1133 2412 1213 2480 ἐπὶ·

219 2513 305 2599 μέγα
337 2508 401 2596 τῆν
432 2508 530 2577 πόλιν
562 2511 619 2578 καὶ
653 2511 690 2578 ἐν
720 2515 813 2601 καλῷ
848 2509 1103 2598 οἰκισθήσεσθαι
1129 2517 1188 2598 τῆς

222 2613 276 2684 ἐπὶ
308 2610 468 2695 Σκύθας,
504 2619 614 2678 εἰποτε
644 2611 838 2698 ξυμβαίνοι,
873 2609 1014 2690 ἐλάσεως
1046 2613 1103 2679 καὶ
1128 2618 1188 2698 τῆς

220 2716 441 2799 προφυλακῆς
468 2716 528 2797 τῆς
554 2709 665 2797 χώρας
692 2709 777 2797 πρός
802 2709 861 2791 τάς
887 2710 1097 2799 καταδρομάς
1118 2717 1189 2780 τῶν

187 2833 205 2880 4
223 2815 330 2901 πέραν
356 2815 417 2881 τοῦ
437 2815 587 2898 ποταμοῦ
607 2809 834 2879 ἐποικούντων
850 2810 1041 2899 βαρβάρων.
1082 2811 1189 2880 ἐδόκει
1203 2844 1229 2882 ει

222 2911 255 2983 δ’
272 2911 316 2982 ἂν
341 2914 398 2982 καί
423 2910 551 3000 μεγάλη
577 2910 737 2996 γενέσθαι
763 2904 783 2996 ῆ
803 2910 898 2990 πόλις
925 2911 1046 2997 πλῆθει
1068 2919 1189 2982 τετῶν

223 3017 257 3094 ές
293 3011 401 3100 ου’τῆν
439 3013 712 3104 ξυνοικιζομένων
751 3011 808 3078 καί
846 3017 908 3079 τοῦ
948 3008 1108 3100 ὀνόματος
1145 3019 1189 3100 τῆ
1294 3045 1295 3089 ι

222 3113 429 3204 λαμπρότητι
460 3112 516 3179 καί
548 3114 585 3179 έν
616 3110 726 3203 τούτῳ
758 3116 795 3180 οί
825 3111 1014 3200 πρόσχωροι
1046 3119 1093 3204 τῷ
1125 3137 1189 3181 πο-

222 3221 317 3305 ταμῷ
343 3212 507 3302 βάρβαροι
532 3211 611 3292 τοός
637 3239 672 3280 τε
689 3211 730 3280 τά
757 3213 906 3302 φρούρια
925 3215 961 3280 έν
979 3228 1051 3293 ταῖς
1073 3212 1190 3282 πόλεσι
1293 3273 1294 3317 ρ

224 3320 322 3401 σφῶν
360 3320 497 3401 ἔχοντας
531 3311 730 3400 στρατιώτας
761 3318 830 3382 τῶν
863 3313 1074 3383 Μακεδόνων
1108 3318 1189 3395 ξυλ·
1204 3345 1231 3384 τε

224 3415 383 3501 λαβόντες
410 3412 608 3483 ἀπέκτειναν
634 3413 690 3482 καί
717 3416 776 3493 τάς
802 3411 915 3494 πόλεις
944 3416 977 3494 ές
1003 3409 1192 3503 άσφάλειάν
