2632 3922
207 150 275 216 172
559 148 813 208 ιιεεειυλεον

204 308 332 388 τούτοις
358 305 489 395 μᾶλλόν
514 334 545 376 τι
571 313 680 388 ου’κεῖα
705 305 890 394 ὑπολαβών
922 310 956 387 ἐς
986 307 1048 395 την
1074 306 1173 396 άφή-

205 430 313 498 γησιν.

159 523 195 586 15
280 506 370 596 Παρ’
385 506 606 596 Ἀλέξανδρον
633 507 672 576 δὲ
695 500 777 596 ἧκεν
802 499 902 588 αὖθις
922 513 1075 578 Σκυθῶν
1098 510 1172 578 τῶν

206 613 242 679 ἐκ
267 613 326 696 τῆς
353 604 523 696 Εὐρώπης
548 613 708 696 πρεσβεία
732 607 796 690 ξύν
820 624 892 689 τοῖς
914 609 1094 696 πρέσβεσιν
1116 605 1171 688 οἷς

205 709 307 790 αύτός
326 711 359 790 ἐς
378 707 519 789 Σκύθας
537 714 689 778 ἔστειλεν.
733 709 751 778 ὁ
770 708 832 796 μὲν
851 707 891 797 δὴ
913 709 989 779 τότε
1011 710 1200 796 βασιλεύςε

204 811 272 880 τῶν
291 813 442 882 Σκυθῶν
465 806 520 878 ὅτε
543 802 636 878 οὗτοι
654 804 714 878 ὑπ’
730 808 954 898 Ἀλεξάνδρου
981 811 1169 898 ἐπέμποντο

204 911 444 998 τετελευτηκῶς
464 908 661 998 έτύγχανεν·
689 909 836 998 άόελφός
863 909 902 980 δὲ
929 912 1059 980 ἐκείνου
1089 914 1165 1000 έβα·

172 1039 187 1085 ε
206 1019 349 1082 σίλευεν.
380 1003 424 1098 ἦν
442 1011 480 1080 δέ
498 1008 516 1080 ὁ
535 1013 619 1090 νούς
636 1014 696 1097 τῆς
713 1015 892 1102 πρεσβείας
911 1011 1040 1082 ἐθέλειν
1057 1026 1169 1082 ποιεῖν

205 1117 274 1181 πᾶν
291 1111 329 1180 τό
345 1114 378 1193 ἐξ
389 1109 612 1200 Ἀλεξάνδρου
628 1111 917 1201 ἐπαγγελλόμενον
933 1111 1092 1192 Σκύθας·
1111 1114 1169 1182 καὶ
1296 1152 1297 1176 ι

205 1215 298 1301 δῶρα
325 1219 446 1300 ἔφερον
469 1209 678 1305 Ἀλεξάνδρῳ
705 1211 796 1302 παρὰ
822 1216 882 1282 τού
909 1213 1072 1299 βασιλέως
1099 1219 1168 1282 τῶν
1185 1239 1214 1280 ιο

206 1319 356 1384 Σκυθῶν
388 1309 451 1383 ὅσα
482 1315 619 1402 μέγιστα
645 1318 808 1403 νομίζεται
842 1317 879 1382 ἐν
906 1313 1077 1394 Σκύθαις·
1111 1316 1169 1385 καλ

205 1415 269 1502 την
294 1418 467 1503 θυγατέρα
500 1412 551 1483 ότι
578 1416 686 1484 ἐθέλει
715 1410 923 1507 Ἀλεξάνδρῳ
950 1417 1070 1484 όούναι
1103 1442 1169 1501 γυ-

205 1529 306 1584 ναῖκα
344 1514 554 1604 βεβαιότητος
586 1514 710 1584 ούνεκα
741 1517 801 1601 τῆς
833 1514 921 1603 πρὸς
950 1513 1169 1604 Ἀλέξανδρον

90 1659 94 1666 -
173 1635 189 1682 3
207 1622 320 1704 φιλίας
333 1640 369 1682 τε
386 1616 442 1684 καί
462 1623 662 1702 συμμαχίας.
695 1620 727 1684 εί
738 1614 777 1684 θλ
789 1611 927 1695 άπαξιοί
937 1614 999 1703 τὴν
1015 1620 1169 1686 Σκυθῶν

206 1723 404 1802 βασίλισσαν
420 1719 523 1802 γῆμαι
537 1712 770 1804 Ἀλέξανδρος,
797 1713 882 1785 άλλά
900 1720 968 1786 τῶν
984 1743 1024 1804 γε
1041 1737 1165 1807 σατρα-
1181 1741 1212 1784 ιε

206 1821 281 1886 πῶν
293 1820 363 1886 τῶν
379 1817 439 1902 τῆς
454 1821 629 1903 Σκυθικῆς
646 1815 756 1907 χῶρας
774 1817 832 1886 καὶ
849 1815 921 1886 ὅσοι
938 1815 1034 1887 άλλοι
1059 1819 1169 1887 δυνά*

207 1938 280 1987 σται
297 1917 381 1986 κατὰ
393 1915 455 2004 την
471 1920 536 2004 γῆν
549 1916 609 2004 τὴν
623 1921 803 2005 Σκυθίδα,
823 1916 955 1988 τούτων
969 1917 1029 1998 τὰς
1043 1923 1169 2000 παῖδας
1300 1944 1301 1958 ’

208 2019 336 2088 ἐθέλειν
356 2022 479 2088 δούναι
503 2033 574 2098 τοῖς
599 2018 806 2098 πιστοτάτοις
829 2022 898 2088 τῶν
915 2017 996 2108 ἄμφ’
1012 2018 1168 2101 Ἀλέξαν-

207 2123 304 2207 δρον·
329 2116 419 2205 ἥξειν
438 2118 476 2187 δὲ
494 2117 673 2198 καλαύτός
693 2125 857 2207 ἔφασκεν,
875 2126 907 2188 εί
922 2120 1104 2208 κελεύοιτο,
1123 2118 1169 2200 ῶς

206 2217 281 2307 παρ’
310 2218 417 2288 αύτού
442 2215 666 2306 Ἀλεξάνδρου
693 2217 838 2290 ἀκούσαι
864 2219 927 2289 ὅσα
958 2222 1210 2308 ἐπαγγέλλοιτο

172 2319 347 2407 4άφίκετο
373 2319 412 2388 θλ
439 2322 476 2388 ἐν
500 2318 610 2411 τούτῳ
628 2317 703 2409 παρ’
720 2318 940 2410 Ἀλέξανδρον
966 2322 1023 2390 καὶ
1050 2330 1168 2411 Φαρα-

207 2421 335 2508 σμάνης
352 2417 370 2488 ὁ
389 2427 600 2509 Χορασμίων
624 2421 783 2508 βασιλεύς
807 2421 870 2502 ξύν
890 2427 1030 2492 λππεύσι
1052 2429 1168 2509 χιλιόις

206 2524 263 2590 καὶ
284 2527 523 2600 πεντακοσίοις.
562 2527 687 2610 ἔφασκε
705 2521 743 2590 θλ
761 2521 779 2590 ό
800 2522 1026 2612 Φαρασμάνης
1045 2521 1168 2613 όμορος

206 2627 312 2691 οἰκεῖν
338 2623 385 2712 τῷ
412 2648 447 2690 τε
471 2620 615 2708 Κόλχων
640 2623 729 2709 γένει
754 2623 909 2704 καλιαῖς
934 2626 1070 2710 γυναιξί
1094 2639 1168 2705 ταῖς

203 2719 369 2810 Ἀμαζόσι,
396 2723 453 2792 καὶ
479 2730 511 2794 εί
537 2724 648 2792 ἐθέλοι
671 2720 904 2812 Ἀλέξανδρος,
934 2726 990 2794 ἐπὶ
1012 2725 1166 2812 Κόλχους
1181 2746 1211 2787 εῡ

206 2849 241 2892 τε
272 2824 329 2892 καλ
356 2819 538 2911 Ἀμαζόνας
567 2823 687 2904 ἐλάσας
722 2827 1015 2913 καταστρέψασθαι
1041 2825 1082 2894 τά
1111 2829 1167 2896 ἐπὶ

206 2924 267 2992 τόν
293 2923 418 2992 πόντον
444 2925 504 2994 τόν
532 2923 696 3003 Εὔξεινον
722 2924 828 3014 ταύτῃ
854 2926 1047 3013 καθήκοντα
1072 2927 1167 3014 γένη,
1240 2912 1244 2926 ¹

206 3018 296 3092 ὁδῶν
322 3051 358 3093 τε
384 3022 518 3113 ἡγεμῶν
545 3031 681 3094 ἔσεσθαι
705 3027 924 3112 ἐπηγγέλλετο
947 3029 1004 3096 καλ
1028 3025 1068 3096 τά
1094 3028 1167 3098 έπι·

206 3123 319 3210 κήδειν
345 3127 386 3212 τῇ
414 3127 556 3215 στρατιᾷ.
577 3125 855 3213 παρασκευάσειν.

171 3244 188 3295 5
287 3234 365 3304 Τοῖς
390 3251 426 3294 τε
449 3216 513 3294 ούν
530 3226 622 3316 παρά
640 3227 709 3294 τῶν
728 3232 880 3318 Σκυθῶν
905 3226 1026 3316 ἥκουσι
1044 3227 1162 3314 φιλάν-
1180 3249 1209 3290 80

205 3337 328 3414 θρυπα
360 3323 575 3414 άποκρίνεται
603 3325 822 3415 Ἀλέξανδρος
851 3330 909 3397 καὶ
940 3331 974 3409 ἐς
1003 3328 1063 3399 τόν
1092 3329 1167 3398 τότε

205 3428 323 3516 καιρόν
342 3425 511 3518 ξύμφορα,
529 3427 640 3514 γάμου
653 3427 698 3498 ,ιλὲ
712 3427 816 3498 οὐδὲν
829 3433 962 3498 δεῖσθαι
977 3433 1167 3517 Σκυθικοῦ,
