2632 3922
481 137 711 244 επιέιειει,
729 179 770 234 ετ.
1047 177 1110 243 183

142 335 201 402 καὶ
218 337 355 422 φιλίανς
371 331 437 420 τήν
453 339 566 402 πίστιν
582 357 619 402 τε
635 335 693 402 καί
711 333 901 422 δικαιότητα
917 337 1108 422 μεγαλωστὶ

143 422 262 523 ἐπῄνει
279 435 340 503 τοῦ
365 433 539 522 βασιλέως,
565 435 606 503 τό
629 432 661 502 τ’
687 431 772 504 ἄλλα
794 436 852 503 καὶ
874 433 913 503 τό
939 434 1048 504 αύτού
1071 437 1110 504 ἐν

143 533 289 623 πρύτοις
306 535 340 614 ἐς
357 540 539 623 βεβαίωσιν
556 539 617 604 τού
635 534 739 622 λόγου
757 536 950 623 προφέρων.
977 534 1109 616 τούτοις
1125 548 1143 598 8

143 635 298 714 πεισθεὶς
315 633 333 702 ό
355 633 521 725 Χοριήνης
539 634 641 717 αύτός
657 662 694 706 τε
712 627 773 724 ἧκε
789 635 871 724 παρ’
887 635 1110 722 Ἁλέξανδρον

114 735 202 806 ικαὶ
219 737 289 802 τεόν
306 741 443 806 οίκείων
459 735 548 816 τινες
565 738 622 804 καὶ
642 737 786 826 ἑταίρων
810 735 928 806 αύτού.
974 736 1111 806 ἐλθόντι
1160 739 1162 741 ’

142 835 183 904 δὲ
205 838 253 926 τῷ
278 836 427 926 Χοριήνη
451 835 680 924 φιλάνθρωπά
703 863 740 906 τε
763 836 1033 927 ἀποκρινάμενος
1052 836 1110 905 καὶ

109 985 117 994 -
142 943 258 1006 πίστιν
282 938 315 1016 ἐς
339 944 457 1025 φιλίαν
480 935 563 1017 δούς
586 936 693 1007 αύτόν
719 937 782 1025 μέν
806 939 956 1025 κατέχει,
980 938 1110 1026 πέμψαι

143 1037 184 1106 δέ
200 1035 329 1106 κελεύει
350 1042 420 1108 τῶν
443 1038 745 1122 συγκατελθόντων
761 1037 855 1118 τινάς
873 1037 965 1130 αύτῷ
989 1041 1024 1118 ἐς
1047 1037 1110 1124 τὴν

144 1137 271 1225 πέτραν
287 1136 368 1218 τούς
391 1137 613 1219 κελεύσοντας
637 1141 797 1208 ἐνδοῦναι
814 1137 851 1207 τό
875 1146 1011 1226 χοιρίον.
1051 1140 1144 1207 καλε

104 1267 131 1308 ιο
146 1240 316 1308 ἐνδίδοται
331 1236 402 1308 ύπό
417 1243 487 1308 τόν
505 1238 804 1328 ξυμπεφευγότων,
828 1237 914 1308 ὥστε
930 1239 988 1308 καὶ
1005 1233 1111 1319 αύτὸς

140 1338 360 1428 Ἀλέξανδρος
383 1338 565 1428 ἀναλαβύν
582 1344 653 1410 τεόν
675 1339 899 1409 ύπασπιστῶν
926 1343 960 1420 ἐς
984 1365 1111 1408 πεντα-

145 1447 284 1519 κοσίους
302 1437 407 1528 ἀνέβη
423 1439 509 1510 κατά
526 1441 613 1510 θίαν
630 1445 689 1529 τῆς
708 1442 850 1529 πέτρας,
868 1441 925 1509 καί
943 1439 1111 1510 τοσούτου

146 1541 285 1627 ἐδέησεν
309 1538 494 1621 ἀνεπιεικές
515 1567 547 1610 τι
570 1543 603 1621 ές
626 1540 687 1610 τόν
705 1541 875 1630 Χοριήνην
901 1546 1001 1630 ἔργον
1020 1539 1109 1608 ἀπο-

146 1643 322 1722 δείξασθαι
335 1639 418 1711 ὥστε
434 1643 491 1710 καί
509 1639 593 1711 αύιό
610 1640 648 1710 τό
672 1650 797 1730 χωρίον
816 1644 925 1712 ἐκείνο
944 1641 1112 1730 ἐπιτρέπει

105 1771 133 1812 τι
147 1741 297 1831 Χοριήνη
325 1743 382 1812 καὶ
406 1740 561 1832 ύπαρχου
583 1740 674 1811 εἶναι
699 1742 853 1830 ὅσωνπερ
878 1743 936 1810 καὶ
957 1741 1111 1832 πρόσθεν

148 1847 263 1912 ἐδωκε.

222 1945 355 2033 Ξυνέβη
383 1940 430 2014 δέ’
447 1949 590 2032 χειμῶνι’
608 1970 644 2013 τε
667 1947 905 2030 κακοπαθῆσαι
928 1942 1021 2034 αύτῷ
1048 1942 1111 2030 τὴν
1130 1959 1163 2014 10

147 2043 307 2132 στρατιὰν
324 2049 451 2133 πολλῇς
469 2045 581 2131 χιόνος
601 2039 823 2132 ἐπιπεσούσης
846 2047 884 2113 ἐν
907 2049 950 2134 τῇ
974 2052 1113 2131 πολιορ-

148 2152 207 2235 κίμ
232 2146 290 2214 καὶ
323 2145 397 2232 ἀμαΥ
419 2143 550 2235 ,ἀπορίᾳ
575 2151 646 2214 τόν
672 2148 869 2234 ἐπιτηδείων
896 2145 1112 2232 ἐπιέσθησαν.

108 2275 139 2323 εοΙ
149 2244 234 2314 ἀλλά
261 2246 428 2334 Χοριήνης
461 2249 494 2326 ἐς
527 2250 671 2334 δίμηνον
704 2254 808 2316 σιτία
827 2252 890 2334 ἔφη
923 2244 1044 2314 δύσειν
1069 2249 1114 2334 τῇ

149 2349 287 2436 στρατιᾷ
314 2347 371 2416 καὶ
397 2352 502 2416 ἔδωκε
527 2346 624 2416 σῖτόν
649 2373 686 2416 τε
710 2347 767 2416 καὶ
792 2345 888 2416 οίνον
913 2349 982 2415 τόν
1008 2347 1045 2414 ἐν
1068 2351 1113 2434 τῇ

149 2448 255 2537 πέτρᾳ
272 2446 451 2518 ἀποθέτων
467 2447 550 2538 κρέα
566 2474 601 2517 τε
615 2446 775 2537 ταριχηρά
793 2445 877 2516 κατά
891 2445 1027 2534 σκηνήν.
1055 2447 1114 2514 καί

147 2552 256 2616 ιαύτα
277 2547 361 2628 δούς
383 2547 447 2618 ούκ
471 2555 617 2637 ἔφασκεν
636 2545 809 2617 ἀναλῶσαι
828 2553 898 2616 τύν
924 2567 1113 2637 παρεσκευ-

150 2648 307 2734 ασμέυοιν
333 2652 367 2728 ἐς
385 2648 448 2736 τὴν
472 2655 670 2737 πολιορκίαν
694 2643 779 2719 ούδέ
794 2647 857 2734 τὴν
875 2647 1017 2732 δεκάτηυ
1034 2659 1114 2735 μοί-

111 2774 138 2816 ει
151 2775 226 2835 ραν.
271 2753 372 2818 ἐνθεν
392 2752 429 2818 ἐν
445 2755 526 2839 τιμῇ
543 2755 673 2837 μᾶλλον
697 2755 746 2841 τῷ
767 2748 975 2840 Ἀλεξάνδρῳ
997 2739 1041 2834 ἦν
1066 2747 1114 2827 οἱς

151 2844 193 2916 ού
220 2847 304 2936 πρός
329 2854 409 2937 βίαν
434 2855 563 2937 μᾶλλον
588 2845 609 2937 ἢ
635 2849 719 2920 καιά
743 2851 881 2938 μαι-ἀμην
904 2848 1027 2928 ἐνδούς
1049 2846 1114 2935 τὴν

151 2947 287 3039 πέτραν.

232 3057 346 3124 Ταῦτα
378 3052 417 3123 δὲ
441 3053 736 3144 καταπραξάμενος
759 3053 976 3142 Ἀλέξανδρος
1008 3048 1167 3133 αύτδς22

151 3152 213 3244 μέν
246 3157 281 3236 ἐς
314 3153 450 3246 Βόκτρα
477 3153 543 3244 ᾔει·
591 3155 765 3245 Κρύτερον
798 3155 838 3224 δέ
869 3160 939 3224 τῶν
970 3155 1115 3242 ἑταίρων

112 3282 139 3322 ιο
153 3257 274 3337 ἱππέας
302 3263 421 3345 ἔχοντα
449 3258 643 3338 ἑξακοσίους
668 3257 727 3325 καὶ
752 3262 821 3326 τῶν
848 3261 956 3338 πεζόν
990 3255 1052 3342 τήν
1077 3279 1115 3323 τε

152 3355 258 3427 αύτού
276 3359 369 3440 τάξιν
391 3359 448 3428 καί
471 3355 534 3446 τὴν
558 3358 859 3446 Πολυσπέρχοντος
882 3358 939 3426 καὶ
955 3350 1116 3425 Ἀττάλου

150 3458 208 3528 καί
237 3457 299 3548 τὴν
321 3458 459 3531 Ἀλκέτα
491 3459 559 3530 ἐπὶ.
580 3458 740 3544 Κατάνην
770 3483 807 3528 τε
839 3458 897 3526 καὶ
934 3453 1116 3538 Αύστάνην
