2632 3922
461 103 646 200 εκεειείε
664 111 693 213 ε,
714 150 754 200 11.
1015 146 1090 214 ’259
1215 198 1219 207 .

123 305 267 394 τεμόντα
283 305 346 392 τήν
363 303 493 394 πληγήν
511 310 549 374 οί
568 305 632 394 μέν
649 303 862 395 Κριτόδημον
880 303 1089 396 ἀνέγραψαν,

127 405 244 496 ἰατρόν
265 410 377 494 Κοῖον,
403 405 442 475 τό
467 406 566 492 γένος
591 409 662 477 τάν
676 404 936 495 Ἀσκληπιάδην·
980 413 1017 476 oc
1039 410 1089 495 δέ,

125 512 319 596 Περδίκκαν
344 505 406 576 τόν
432 506 714 594 σωματοφύλακα,
732 505 782 576 ὀύ
802 507 968 598 παρόντος
987 510 1024 577 έν
1041 513 1089 600 τῷ

125 610 226 700 δεινῷ
246 611 377 732 λατροβ,
396 607 682 696 ἐγκελευσαμένου
693 605 967 733 Ἀλεξάνδρρυ
935 635 982 677 τεο
968 609 1091 696 ξίφει

84 737 99 778 ε
126 711 293 796 ἐπιτεμεῖν
317 707 380 794 τήν
405 709 538 798 πληγήν
555 709 613 777 καὶ
630 715 835 796 κομίσασθαι
851 708 889 778 τό
907 678 1014 798 βέλος.
1052 712 1089 779 εν
1107 725 1124 778 2

124 800 163 880 ’δὲ
188 815 231 898 τῆ
258 811 379 898 κομιδῆ
400 807 491 898 φορά
510 814 649 898 αἵματος
667 814 796 879 πολλού
813 815 977 897 γίγνεται,
1005 807 1090 880 ὥστε

124 912 376 1035 λειποψυχῆσαι
388 901 490 991 αὖθις
505 907 726 1001 Ἀλέξανδρον
742 908 863 978 καὶ”
819 936 909 979 ουτω
928 913 1090 998 σχεθῆναι

126 1010 218 1102 αὐτῷ
245 1009 283 1079 τό
304 1006 442 1100 ᾳῖμα
419 1012 489 1080 νπδ
515 1014 556 1100 τῆ
578 1017 789 1102 λειποψυχίᾳ.
834 1010 942 1080 πολλοὶ
968 1011 1091 1081 δὲκαὶ
1202 1007 1206 1011 ’

126 1110 210 1180 ἀλλα
240 1108 491 1200 ἀναγέγραπται
522 1126 592 1192 τοῖς
628 1113 882 1200 ξυγγραφεῦσιν
913 1111 1003 1202 ύπέρ
1029 1117 1090 1180 τού

87 1239 113 1280 ιο
126 1211 332 1300 παθήματος,
362 1210 467 1299 καλή
493 1211 586 1300 φήμη
612 1213 865 1302 παραδεξαμένη
893 1210 980 1280 αύτά
1003 1199 1088 1281 κατά

124 1312 203 1392 τούς
216 1311 371 1401 κράτους
388 1314 624 1402 ψευσαμένους
639 1319 686 1382 ἔτι
698 1314 755 1382 καὶ
768 1319 816 1393 είς
828 1310 916 1400 ήμάς
930 1313 1090 1402 διασώζει,

124 1411 206 1482 0666
223 1412 344 1502 ἀφήσει
360 1418 595 1503 παραδιδοῦσα
611 1413 669 1483 κάδ
684 1414 802 1501 ἐφεξῆς
819 1411 933 1494 ἀλλοις
946 1414 988 1484 τά
1001 1426 1088 1494 ψευ-

126 1517 187 1600 δῆ,
213 1519 245 1583 εἰ
269 1514 315 1602 μῆ
338 1512 406 1584 ἀπό
432 1519 538 1602 τῆσδε
563 1518 623 1602 τῆς
650 1515 849 1602 ξυγγραφῆς
875 1513 1046 1584 παύσεται.

201 1611 333 1684 Αύτίκα
361 1619 397 1684 έν
412 1612 630 1705 Ὀξυδράκαις
655 1613 693 1682 τό
713 1614 854 1702 πάθημα
872 1619 973 1684 τούτο
991 1615 1089 1700 γενέ·
1108 1631 1126 1680 3

87 1742 113 1782 ιε
127 1724 207 1784 σθαι
225 1710 433 1810 Ἀλεξάνδρφ
459 1713 478 1783 6
512 1721 578 1795 παῖς
605 1713 705 1801 λόγος
730 1717 876 1802 κατέχει·
920 1714 958 1784 τό
987 1715 1025 1784 ’δέ
1053 1719 1090 1785 έν

126 1823 300 1902 Μαλλοῖς,
328 1822 421 1885 έθνει
447 1813 625 1908 αύτονόμφ
649 1813 791 1907 Ἰνδικῷ,
819 1816 960 1903 ξυνέβη,
986 1816 1042 1884 καὶ
1068 1815 1091 1904 6

24 1959 25 1964 κ
124 1941 161 1984 τε
186 1917 282 1996 πόλις
300 1921 454 1986 Μαλλόν
480 1908 524 2002 ῆν
550 1917 670 1984 καλοί
655 1915 852 2004 βαλόντες
866 1915 1092 2006 Ἀλέξανδρον

126 2025 277 2086 Μαλλοί·
324 2025 361 2087 οἳ
393 2015 435 2104 66
464 2017 655 2102 ἐγνώκεσαν
680 2016 744 2104 μὲν
770 2017 991 2105 ξυμμίξαντες
1017 2031 1090 2098 τοῖς

122 2115 338 2208 Ὀξυδράκαις
364 2115 454 2187 οὕτω
480 2122 747 2204 διαγωνίζεσθαι,
776 2123 865 2206 ἔφθη
893 2117 931 2186 66
958 2116 1012 2186 διά
1030 2123 1090 2204 τῆς

86 2245 112 2285 νο
113 2217 279 2308 ἀνύδρου
311 2213 366 2286 ἐπ’
401 2217 528 2299 αύτούς
561 2217 682 2299 έλάσας
702 2207 799 2307 πρίν
825 2245 898 2286 τινα
926 2215 1092 2306 ἀφέλειαν

126 2316 242 2399 αύτοίς
268 2317 359 2409 παρά
392 2325 463 2388 τῶν
484 2315 703 2408 Ὀξυδρακῶν
728 2315 935 2444 γενέσθαι”
915 2345 937 2405 η
963 2317 1090 2399 αύτούς

127 2422 265 2500 ἐκείνοις
298 2445 328 2488 τι
355 2422 576 2508 ἐπωφελῆσαι.
629 2419 699 2488 ἐπεὶ
725 2419 782 2486 καὶ
807 2419 870 2507 τήν
895 2427 1125 2488 τελευταίαν4

123 2521 234 2608 μάχην
259 2518 320 2607 τῆν
336 2519 432 2610 πρός
458 2532 607 2609 Δαρείου
632 2519 830 2607 γενομένην,
863 2519 943 2588 καθ’
972 2519 1091 2608 ήντινα

127 2625 232 2708 ἔφυγε
250 2631 396 2710 Δαρεῖος
422 2618 505 2690 ούδὲ
522 2619 785 2708 πρόσθενέληξε
801 2623 860 2706 τῆς
877 2625 989 2708 φυγῆς
1007 2623 1090 2710 πρὶν

86 2749 112 2792 τε
126 2721 361 2808 ξυλληφθῆναι
376 2719 445 2790 ἀπό
463 2723 533 2789 τῶν
546 2718 632 2808 ἀμφὶ
644 2725 780 2808 Βῆσσον
792 2721 849 2789 καὶ
862 2720 1090 2810 προσάγοντος

123 2819 190 2944 ήδη
201 2815 423 2942 Ἀλεξάνδρου
437 2818 640 2908 ἀποθανεῖν,
652 2817 736 2942 φρός
746 2815 918 2944 Ἀρβήλοις
932 2821 1092 2907 γενέσθαι

126 2916 144 2992 6
172 2927 237 3003 κάς
263 2920 362 3007 λόγος
395 2923 541 3010 κατέχει,
575 2919 729 3008 καθάπερ
762 2912 827 2990 ούν
852 2921 909 2989 καὶ
933 2919 997 3008 τῆν
1023 2919 1089 3044 πρό
1226 2928 1229 2937 ’

124 3023 250 3112 ταύτης
273 3021 333 3093 ἕν’
330 3028 432 3126 Ισσιβ,
459 3024 516 3092 καὶ
543 3021 605 3110 τήν
622 3020 759 3112 πρύτην
779 3026 985 3148 ίππομαχίαν
1003 3022 1090 3142 πρός

125 3127 292 3219 Γρανικῷ.
330 3115 422 3194 ἀλλά
455 3123 541 3214 πρός
568 3127 723 3216 Γρανικῷ
754 3123 817 3211 μὲν
849 3123 972 3212 ξυνέβη
999 3123 1124 3214 μάχησ

84 3251 111 3294 εο
128 3232 245 3314 ίππικη
233 3226 321 3296 καὶ
339 3225 426 3318 πρός
441 3219 573 3317 '1666‘
553 3252 575 3313 η
594 3217 695 3304 αὖθις
713 3223 797 3350 πρὸς
815 3234 964 3313 Δαρεῖον
976 3221 1086 3350 μάχη·

116 3326 269 3418 ’Ἀρβηλα
302 3327 341 3398 δὲ
371 3331 433 3397 τοῦ
459 3326 588 3416 χοίρου.
601 3315 693 3396 ἐν
666 3351 693 3418 φ
720 3324 782 3412 τῆν
810 3321 952 3414 ἐσχάτην
978 3326 1087 3415 μάχην

126 3428 312 3518 Δαρεῖός
296 3429 405 3499 τεκαὶ
429 3423 486 3501 Ἀλ
489 3427 693 3520 έέξανδρος
691 3424 879 3523 μαχέσαντο
906 3430 942 3495 οί
965 3453 1027 3515 μεν
1045 3423 1086 3494 τά

835 3536 886 3591 ΓΡ
