2572 3920
457 105 641 180 Αεεειειέ
660 132 683 194 1,
703 131 743 181 ιι.
1035 130 1078 196 23

187 263 342 337 Ἀνιόντα
373 264 407 336 δ’
439 265 545 337 αὐτόν
576 270 609 349 ἐς
633 268 738 338 ’Ίλιον
767 267 949 350 Μενοίτιός
985 296 1021 340 τε
1059 268 1129 345 612

106 365 322 458 κυβερνήτης
356 371 474 460 χρυσῷ
508 369 662 462 στεφάνῳ
694 368 903 458 ἐστεφάνωσε
937 371 994 440 καὶ
1025 371 1080 440 ἐπὶ

108 470 225 563 τούτῳ
250 469 367 558 Χάρης
398 466 416 538 ὁ
445 467 624 556 Ἀθηναῖος
650 471 687 538 ἐκ
712 475 851 557 Σιγείου
880 470 992 540 έλθοὶν
1022 478 1083 542 καί

109 597 202 651 τινες
226 571 283 639 καὶ
305 569 419 657 ἄλλοι,
446 575 482 639 οἱ
504 570 567 659 μέν
584 569 761 660 Ἕλληνες,
789 575 824 640 ολ
839 572 878 641 δὲ
896 571 1078 661 έπιχάριοι·

81 669 132 741 ιὸ
151 671 192 740 δέ
209 672 266 740 καὶ
285 668 388 751 αάτδς
405 669 465 740 τόν
486 668 659 759 Ἀχιλλέως
677 670 743 762 άρα
760 671 870 760 τάφον
888 673 1080 762 ἐστεφάνω-

111 771 449 860 σεν·’Ἡφαιστίωνα
473 771 512 841 δέ
538 774 695 859 λέγουσιν
719 773 770 842 ὅτι
791 779 854 842 τοῦ
878 773 1079 864 Πατρόκλου
1199 769 1204 778 ’

110 872 178 942 τόν
201 871 312 960 τάφον
338 871 565 961 ἐστεφάνωσε·
593 875 650 942 καὶ
674 868 908 963 εάδαιμόνισευ
926 875 1009 965 άροι,
1036 873 1080 956 άς

113 973 235 1061 λόγος,
257 973 476 1062 Ἀλέξανδρος
498 972 662 1063 Ἀχιλλέα,
690 973 741 1044 ὅτι
763 972 907 1065 Ὀμήρου
933 974 1081 1066 κήρυκος

116 1077 152 1156 ές
170 1071 235 1162 τήν
248 1081 360 1145 ἔπειτα
372 1074 506 1163 μνήμην
524 1081 629 1163 ἔτυχε.
656 1076 712 1152 καλ
729 1077 842 1164 μέντοι
855 1078 911 1146 καί
928 1071 973 1164 ήν
988 1072 1080 1147 Ἀλε-
1098 1090 1115 1141 2

76 1200 103 1242 ιο
117 1175 254 1268 ξάνδρςο
285 1173 348 1264 οάχ
377 1175 496 1263 ήκιστα
530 1175 653 1246 τούτου
685 1179 782 1245 ἕνεκα
813 1174 1082 1266 εὐδαιμονιστέος

112 1275 304 1365 Ἀχιλλεύς,
335 1275 384 1346 ὅτι
410 1274 505 1368 αὐτῷ
531 1303 571 1364 γε
590 1275 816 1369 Ἀλεξάνδρῳ,
847 1276 888 1346 οὐ
912 1277 996 1346 κατά
1019 1277 1082 1366 τήν

116 1377 228 1464 ἄλλην
254 1380 444 1465 ἐπιτυχίαν,
470 1376 508 1446 τό
535 1383 660 1465 χωρίον
685 1381 784 1446 τοῦτο
812 1377 941 1458 ἐκλιπὲς
960 1378 1104 1466 ξυνέβηΙ

117 1476 203 1548 οὐδὲ
227 1479 389 1566 ἐξηνέχθη
415 1481 448 1559 ἐς
475 1476 680 1568 άνθράπους
697 1477 739 1546 τά
760 1468 982 1569 Ἀλεξάνδρου
1001 1485 1083 1569 ἔργα

120 1581 279 1661 ἐπαξίως·
308 1577 382 1648 οὔτ’
407 1571 472 1648 οάν
495 1577 727 1666 καταλογάδην
751 1578 829 1649 οὕτε
850 1606 900 1660 τις
919 1583 956 1649 ἐν
973 1581 1082 1672 μέτρω

82 1707 107 1748 ιε
122 1683 291 1767 ἐποίησεν,
318 1678 393 1749 άλλ’
413 1677 495 1750 οὐδὲ
514 1682 550 1749 ἐν
566 1681 658 1769 μέλει
675 1676 766 1770 ήσθη
780 1679 1015 1771 Ἀλέξανδρος,
1047 1683 1084 1750 ἐν

121 1778 187 1872 ὅτςο
201 1775 316 1871 Ἱέρων
332 1807 368 1850 τε
385 1781 442 1849 καὶ
456 1781 571 1851 Γέλων
583 1782 640 1850 καὶ
654 1781 776 1872 Θήρων
789 1781 846 1850 καὶ
859 1783 977 1851 πολλοὶ
990 1778 1085 1850 άλλοι

122 1879 226 1952 οὐδέν
247 1908 281 1950 τι
303 1879 510 1975 Ἀλεξάνδρῳ
538 1880 739 1969 ἐπεοικότες,
767 1880 853 1950 άστε
877 1881 964 1951 πολύ
988 1895 1084 1970 μεῖον

122 1983 342 2070 γιγνώσκεται
366 1980 407 2051 τά
434 1980 657 2068 Ἀλεξάνδρου
680 1978 701 2069 ἢ
727 1978 769 2051 τά
795 1981 990 2071 φαυλότατα
1015 1987 1085 2051 των

123 2083 226 2152 πάλαι
245 2089 369 2172 ἔργων·
388 2077 497 2160 Ιὁπότε
515 2083 571 2152 καί
594 2077 615 2170 ή
634 2087 704 2152 τάν
727 2090 861 2173 μυρίων
885 2081 951 2152 σάν
978 2081 1083 2176 Κάρφ
1102 2099 1119 2149 ³

85 2211 111 2252 τι
126 2183 247 2264 άυοδος
266 2185 321 2253 ἐπὶ
337 2184 474 2271 βασιλέα
492 2181 710 2274 Ἀρταξέρξην
726 2184 783 2252 καὶ
799 2181 840 2252 τά
857 2183 1033 2273 Κλεάρχου
1050 2210 1086 2254 τε

125 2286 266 2354 καὶτῶν
284 2280 352 2372 άμα
369 2280 464 2376 αὐτῷ
482 2282 634 2354 άλόντωυ
660 2283 843 2374 παθήματα
861 2283 956 2372 καλή
981 2283 1082 2353 κατά·

126 2393 219 2473 βασις
233 2381 348 2478 αὐτῶν
362 2387 512 2473 ἐκείνων,
529 2382 574 2472 ἢν
587 2387 750 2474 Ξενοφῶν
767 2381 891 2466 αὐτοάς
909 2383 1086 2472 κατήγαγε,

127 2485 214 2556 πολά
244 2513 276 2554 τι
302 2487 545 2575 ἐπιφανέστερα
579 2488 612 2566 ἐς
638 2483 844 2575 ἀνθρώπους
868 2491 1087 2572 Ξενοφῶντος

129 2585 226 2656 ἕνεκά
251 2588 341 2656 ἐστιν
363 2584 385 2673 ή
413 2581 628 2676 Ἀλέξανδρός
652 2613 688 2656 τε
714 2587 770 2655 καὶ
800 2584 842 2654 τά
865 2583 1086 2675 Ἀλεξάνδρου

92 2714 118 2755 τε
131 2694 218 2778 ἔργα.
254 2693 362 2758 καίτοι
383 2683 597 2776 Ἀλέξανδρος
621 2686 700 2756 οὔτε
717 2685 781 2768 ξύυ
798 2685 888 2780 άλλςο
908 2684 1123 2774 ἐστράτευε

131 2809 198 2875 σιν,
216 2786 296 2856 οὔτε
309 2786 447 2877 φεύγων
464 2789 572 2876 μέγαν
588 2787 726 2876 βασιλέα
738 2786 818 2867 τούς
830 2790 874 2876 τῇ
890 2785 1029 2880 καθόδῳ
1047 2792 1088 2877 τῇ

132 2890 184 2958 ἐπὶ
197 2887 370 2957 θάλατταν
384 2887 539 2976 ἐμποδών
556 2888 777 2976 γιγνομένους
797 2887 991 2975 ἐκράτησεν·
1012 2885 1087 2956 ἀλλ’

132 2985 191 3058 οάκ
210 2995 299 3058 ἐστιν
317 2985 407 3069 ὅστις
425 2985 525 3070 άλλος
540 2984 589 3069 εἷς
607 2987 694 3078 άνήρ
711 2985 892 3076 τοσαῦταή
909 2993 1090 3076 τηλικαῦτα

134 3095 212 3180 ἔργα
230 3088 314 3158 κατά
333 3095 466 3177 πλῆθος
484 3085 504 3176 ή
522 3090 665 3176 μέγεθος
685 3091 721 3158 ἐν
739 3087 896 3176 Ἕλλησιν
914 3086 935 3178 ἢ
959 3090 1091 3179 βαρβά-

97 3217 198 3278 ιοροις
221 3188 426 3271 άπεδείξατο.
463 3195 565 3258 ἐνθεν
589 3191 646 3258 καὶ
664 3187 767 3270 αὐτὸς
790 3184 988 3280 ὁρμηθῆναί
1007 3219 1092 3280 φημι

136 3295 165 3373 ἐς
190 3291 294 3380 τήνδε
318 3289 381 3378 τήν
403 3290 618 3380 ξυγγραφήν,
645 3289 709 3360 οὐκ
733 3287 921 3372 άπαξιάσας
946 3291 1092 3380 ἐμαυτόν

134 3391 261 3485 φανερά
279 3391 498 3479 καταστήσειν
522 3394 556 3474 ἐς
579 3388 785 3483 άνθράπους
806 3391 847 3461 τά
869 3389 1110 3482 Ἀλεξάνδρου
