2632 3922
219 180 287 245 218
581 178 831 241 εΔοΞεαΔεοτ

220 338 263 408 δέ
288 338 420 420 τούτοις
446 337 485 409 τό
513 338 624 428 άγήμα
650 339 688 408 τὸ
714 338 903 428 βασιλικόν·
950 339 1139 426 ἐχομένους
1160 338 1208 408 δὲ

222 439 355 509 τούτων
387 440 469 540 τούς
495 438 620 521 ἄλλους
644 439 877 528 ὑπασπιστάς,
904 437 949 518 ός
977 440 1131 528 ἑκάστοις
1161 444 1211 508 αί

222 539 398 629 ἡγεμονίαι
416 531 518 634 ἐντῷ
535 541 610 610 τότε
627 540 841 628 ξυνέβαινον·
884 566 969 608 κατα
956 539 1079 608 δέ
1041 565 1084 608 τα
1101 538 1205 628 ἄκρα

222 645 281 728 τῆς
308 643 483 729 φάλαγγος
508 647 544 711 oc
558 643 689 722 τοξόται
705 638 800 732 αύτφ
784 643 876 710 καί
894 639 949 709 oc’
946 643 1114 730 Αγριᾶνες
1135 641 1203 708 καί

225 747 263 810 οί
284 741 475 811 ἀκοντισταὶ
502 744 712 868 ἑκατέρωθεν
740 743 934 830 ἐπέστησαν.
1217 772 1232 812 ⁵

173 830 215 894 14
304 841 423 923 Οὕτως
441 843 630 925 ἐκτάξας
595 869 656 912 τον
674 842 737 931 μέν
753 842 851 926 πεζόν
865 841 1009 932 στρατόν
1022 841 1060 910 έν
1074 841 1201 934 κόσμῳ

223 941 333 1032 βάδην
367 946 506 1013 ἕπεσθαι
547 945 742 1032 ἐκέλευσεν,
781 941 823 1012 ού
859 942 946 1012 πολύ
981 941 1200 1023 ἀποδέοντας

223 1070 291 1112 των
317 1045 559 1132 ἑξακισχιλίων·
578 1044 696 1125 *αύτδς
714 1041 809 1133 δέ,“
790 1069 840 1113 οτι
856 1057 993 1132 κρατείν
1016 1043 1126 1112 ε’δόκει
1149 1046 1198 1132 τῇ

223 1147 330 1234 ίππφ,
348 1143 430 1224 τούς
445 1146 567 1225 ἱππέας
579 1145 707 1234 μόνους
720 1143 902 1233 άναλαβδν
915 1146 1050 1233 σπουδή
1063 1143 1198 1232 ήγεϊτο,

223 1242 323 1334 ὄντας
349 1247 383 1324 ἐς
405 1254 703 1333 πεντακισχιλίους.
742 1243 954 1334 Ταύρωνιδέ
972 1247 1020 1336 τῷ
1042 1245 1194 1336 τοξάρχῃ
1213 1277 1239 1318 ιο

224 1347 406 1430 προσέταξε
442 1347 524 1426 τούς
561 1346 697 1429 τοξότας
744 1346 881 1432 ἐπάγειν
918 1346 960 1433 τῇ
1001 1349 1095 1437 ῗππφ
1132 1347 1197 1414 καὶ

187 1444 353 1526 θαύτούς
380 1449 524 1536 σπουδή.
565 1446 706 1536 γνάμην
732 1446 772 1516 δέ
799 1444 1040 1534 ἐπεποίητο,
1014 1473 1094 1526 ωςε
1097 1446 1195 1535 ίμέυ

224 1548 443 1633 προσμίξειαν
474 1546 571 1638 αύτφ
601 1553 639 1616 oc
674 1547 791 1668 ἀμφὶ
793 1545 856 1615 τόν
888 1551 1014 1636 Πάρον
1049 1547 1114 1627 ξύν
1146 1552 1194 1635 τῇ

225 1646 369 1733 δυνάμει
401 1645 531 1736 άπάσχ,
557 1643 578 1734 6
603 1647 782 1770 κρατήσειν
813 1645 929 1716 αὐτῶν
962 1646 1003 1715 ού
1035 1651 1193 1734 χαλεπῶς

223 1749 266 1834 τῇ
307 1751 401 1840 ἳππφ
439 1749 642 1837 προσβαλών
685 1743 707 1835 6
748 1747 1002 1836 άπομαχείσθαί
1037 1773 1075 1833 γε
1116 1754 1192 1818 ἐστε
1205 1780 1232 1820 ιε

220 1846 305 1927 τούς
332 1815 449 1931 πεξούς
478 1852 515 1918 ἐν
531 1852 579 1941 τῷ
608 1855 695 1940 έργςο
723 1849 951 1934 ἐπιγενέσθαι
985 1852 1018 1917 εί
1041 1847 1080 1916 δε
1105 1848 1191 1938 πρός

223 1946 287 2034 τήν
318 1949 447 2036 τόλμαν
479 1952 537 2036 τῆς
572 1951 758 2038 διαβάσεως
784 1947 913 2018 άτοπον
944 1952 1129 2036 γενομένην
1156 1954 1195 2018 oc

218 2048 323 2118 Ἰνδοὶ
351 2051 571 2135 ἐκπλαγέντες
598 2051 771 2136 φεύγοιεν,
797 2046 839 2118 ού
859 2049 1039 2138 πόρρωθεν
1057 2051 1191 2129 ἕξεσθαι

222 2147 340 2217 αὐτόν
367 2148 451 2216 κατά
485 2145 548 2234 τήν
575 2150 702 2236 φυγήν,
730 2150 776 2230 είς
802 2157 942 2218 πλείονα
969 2153 1006 2218 ἐν
1031 2152 1073 2237 τῇ
1100 2147 1190 2218 άπο-

223 2248 380 2375 χωρήσει
389 2249 449 2316 τὸν
471 2248 582 2335 φόνον
605 2249 789 2338 γενόμενον
806 2247 926 2336 ὀλίγον
942 2250 1189 2319 ὑπολείπεσθαι

224 2348 317 2440 αύτῷ
344 2346 381 2415 τό
411 2353 521 2435 έργον.
1200 2386 1226 2426 20
1288 2355 1289 2383 ¹

190 2460 258 2509 3
300 2448 608 2538 Ἀριστόβουλοςδέ
621 2451 755 2537 λέγει
722 2477 783 2520 τον
796 2449 924 2540 Πάρον
937 2454 1043 2520 παῖδα
1056 2415 1190 2536 φθάσαι
1287 2509 1288 2540 ρ

224 2549 435 2638 ἀφικόμενον
452 2549 557 2628 ξύν“
534 2571 680 2669 αρμασιν
698 2549 743 2631 ύς
763 2551 921 2638 εξήκοντα
939 2552 1069 2641 πρὶν
1034 2577 1072 2619 το
1086 2551 1187 2621 άστε-
1287 2543 1288 2605 6

109 2722 112 2730 ,
224 2677 287 2740 ρον
301 2652 396 2719 ἐκ
358 2676 416 2737 της
430 2649 535 2738 νήσου
552 2655 611 2739 τῆς
628 2655 787 2741 μακράς
801 2658 944 2741 περᾶσαι
952 2651 1186 2741 Ἀλεξάνδρον·

223 2752 282 2819 καὶ
314 2757 438 2820 τούτου
473 2756 664 2840 δυνηθῆναι
689 2749 732 2821 διν
758 2751 863 2840 εἶρξαι
884 2752 1105 2842 Ἀλέξανδρον
1129 2756 1185 2840 τής
1198 2784 1222 2825 ετ

223 2853 424 2941 διαβάσεως,
442 2857 595 2940 χαλεπός
613 2855 670 2921 καὶ
688 2853 833 2941 μηδενός
851 2863 1023 2943 εἴργοντος
1041 2878 1184 2940 περαιω-

221 2956 343 3042 θέντα,
371 2964 466 3042 είπερ
493 2944 558 3020 οὖν
583 2954 880 3040 καταπηδήσαντες
898 2960 934 3024 οί
945 2953 1046 3023 Ἰνδοὶ
1066 2956 1184 3024 ἐκτῶν

221 3052 384 3141 άρμάτων
410 3055 624 3142 προσέκειντο
650 3069 721 3133 τοῖς
748 3055 891 3143 πράτοις
917 3057 987 3123 τόν
1011 3055 1183 3140 ἐκβαινόν-

221 3171 307 3232 των·
358 3152 444 3221 άλλδι
471 3153 678 3246 παραλλάξαι
703 3153 768 3244 γάρ
795 3155 859 3237 ξύν
885 3171 955 3234 τοίς
982 3154 1106 3243 ’ἅρμασι
1128 3157 1181 3225 καλ
1284 3219 1285 3248 χ

222 3252 412 3322 ἀκίνδυνον
438 3256 573 3340 ποιήσαι
596 3254 806 3346 Ἀλεξάνδρῳ
832 3256 895 3342 τήν
915 3256 1085 3344 διάβασιν·
1127 3257 1216 3326 καίοι
1284 3259 1285 3273 ²

223 3355 283 3421 ἐπὶ
301 3353 445 3432 τούτους
463 3350 602 3441 άφεῑναι
614 3353 837 3443 Ἀλέξανδρον
854 3355 935 3435 τούς
955 3353 1178 3444 ἱπποτοξότας,

219 3453 281 3520 καὶ
307 3456 472 3543 τραπῆναι
498 3451 626 3534 αύτούς
644 3454 685 3523 ού
712 3457 879 3541 χαλεπάς,
906 3457 1037 3543 πληγάς
1055 3456 1178 3545 λαμβά-
