2546 3920
226 124 290 190 324
579 120 830 180 εΛεΞεαεεον

227 282 381 372 καθάπερ
398 283 519 352 ἐκεῖνοι
529 280 785 368 ἐμαντεύσαντο,
801 278 878 350 ἀλλ’
894 287 985 370 ἔφθη
997 280 1065 371 γάρ
1077 279 1202 360 ἐλάσας

191 383 194 390 '
228 385 290 464 ἐξω
308 383 513 470 Βαβυλῶνος
530 388 613 470 πρίν
630 407 661 450 τι
678 392 816 469 παθετν,
835 376 973 452 ἀνέπλει
990 371 1096 461 αὖθις
1115 382 1201 450 κατὰ

228 483 270 554 τά
299 488 355 572 ἕλη
373 487 527 573 θαρρῶν,
556 485 592 550 ἐν
612 478 770 572 ἀριστερᾷ
798 488 884 568 ἔχων
901 481 965 570 τήν
982 485 1199 570 Βαβυλῶνα·

228 589 286 654 ἵνα
304 583 346 672 δή
364 585 421 652 καλ
441 582 614 670 ἐπλανήθη
632 581 727 674 αὐτῶ
741 583 840 671 μέρος
854 588 917 652 τοῦ
929 586 1098 654 ναυτικοῦ
1112 581 1199 652 κατά

229 685 270 754 τά
289 682 388 754 στενά
402 682 518 774 ἀπορί,
543 681 719 771 ἡγεμόνος,
737 687 819 771 πρίν
832 710 871 769 γε
884 682 926 770 δή
940 683 1045 768 αὐτὸς
1062 685 1199 772 πέμψας
1220 709 1229 747 ε

229 787 289 857 τὸν
315 783 524 876 ἡγησόμενον
552 781 763 869 ἐπανήγαγεν
789 781 915 864 αάτοάς
943 786 976 864 ἐς
993 783 1056 854 τὸν
1077 784 1197 873 πόρον.

194 902 210 949 ν
228 887 327 974 λόγος
345 885 382 954 δὲ
401 887 531 972 λέγεται
547 884 688 953 τοῖόσδε.
715 886 784 952 τῶν
801 884 967 970 βασιλέων
983 888 1055 954 τῶν
1071 884 1198 956 Ἀσσυ-

228 995 312 1076 ρίων
342 985 423 1066 τοάς
457 986 586 1074 τάφους
614 989 650 1054 ἐν
676 999 749 1064 ταῖς
777 991 971 1072 λίμναις·τε
996 983 1088 1054 εἶναι
1114 986 1197 1064 τούς

228 1085 373 1166 πολλοάς
399 1087 456 1154 καλ
489 1089 526 1156 ἐν
557 1100 628 1165 τοῖς
655 1087 742 1154 ἕλεσι
769 1087 1028 1172 δεδομημένους.
1085 1084 1134 1166 ῶς
1162 1087 1197 1154 δὲ

230 1194 320 1258 ἐπλει
333 1185 550 1275 Ἀλέξανδρος
567 1184 651 1254 κατά
670 1185 710 1254 τά
731 1187 799 1274 έλη,
817 1191 989 1274 κυβερνᾶν
1003 1187 1073 1276 γάρ
1088 1185 1197 1256 αὐτόν
1207 1211 1224 1248 ιι

228 1287 327 1375 λόγος
352 1285 415 1374 τήν
440 1287 569 1376 τριήρη,
595 1285 783 1374 πνεύματος
809 1287 958 1374 μεγάλου
986 1287 1196 1374 ἐμπεσόντος

228 1386 320 1480 αὐτῷ
349 1390 383 1467 ἐς
400 1389 462 1475 τήν
480 1394 627 1456 καυσίαν
644 1387 702 1454 καλ
719 1385 757 1454 τό
776 1387 922 1476 διάδημα
940 1386 1030 1476 αὐτῇ
1049 1389 1192 1475 συνεχό-

111 1575 113 1583 ‚
228 1515 341 1576 μενον,
359 1489 421 1572 τήν
435 1488 497 1576 μὲν
516 1488 558 1576 δή
576 1483 632 1556 οἷα
648 1489 840 1575 βαρυτέραν
854 1503 970 1556 πεσεῖν
986 1491 1020 1568 ἐς
1033 1490 1073 1557 τό
1088 1487 1195 1577 ὕδωρ,

229 1591 267 1658 τὸ
296 1589 441 1676 διάδημα
466 1587 504 1658 δὲ
521 1586 708 1673 ἀπενεχθὲν
726 1589 810 1676 πρὸς
828 1594 887 1675 τῆς
905 1595 1011 1676 πνοῆς
1030 1595 1195 1676 σχεθῆναι

230 1693 267 1759 έν
298 1689 454 1780 καλάμῳ·
499 1689 559 1758 τὸν
591 1690 742 1775 κάλαμον
768 1688 806 1756 δὲ
832 1691 900 1756 τῶν
936 1691 1195 1778 ἐπιπεφυκότων
1205 1715 1222 1754 ιι

195 1801 211 1848 3
229 1788 315 1860 εἶναι
332 1791 428 1882 τάφῳ
446 1792 513 1860 τινὶ
531 1793 600 1857 τῶν
618 1789 720 1858 πάλαι
736 1789 910 1876 βασιλέων.
955 1789 1059 1858 τοῦτό
1077 1815 1114 1858 τε
1133 1782 1195 1858 οὖν

229 1890 313 1961 αότό
341 1890 406 1980 πρὸ
424 1895 493 1958 τῶν
519 1890 711 1977 μελλόντων
736 1890 880 1977 σημῆναι
905 1890 962 1958 καὶ
989 1888 1130 1958 ὅτιτῶν
1149 1919 1194 1970 τις

228 1996 364 2061 ναυτῶν
384 1991 604 2078 ἐκνηξάμενος
624 1989 668 2068 ῶς
686 1991 739 2058 ἐπὶ
759 1989 795 2057 τό
815 1989 960 2077 διάδημα
978 1989 1119 2076 ἀφελῶν
1134 1997 1195 2059 τοῦ

229 2091 381 2178 καλάμου
414 2091 499 2160 αάτὸ
532 2088 614 2177 μετά
640 2104 753 2179 χεῖρας
779 2088 842 2176 μὲν
868 2089 930 2158 οὐκ
955 2088 1114 2178 ήνεγκεν,
1149 2089 1195 2159 ὅτι

228 2193 415 2280 νηχομένου
431 2188 472 2260 ἀν
486 2186 594 2260 αὐτοῦ
610 2192 773 2277 ἐβρέχετο,
788 2192 937 2279 περιθεὶς
951 2189 990 2259 δὲ
1002 2195 1044 2278 τῇ
1059 2195 1194 2279 κεφαλή
1206 2217 1226 2254 ω

195 2295 271 2382 4τῇ
299 2291 408 2361 αότοῦ
436 2289 525 2360 οὕτω
552 2291 712 2378 διήνεγκε.
757 2293 868 2360 καλοί
890 2290 953 2378 μὲν
979 2291 1102 2360 πολλοὶ
1129 2295 1197 2362 τῶν

229 2393 501 2480 ἀναγραψάντων
521 2393 562 2460 τά
577 2391 799 2479 Ἀλεξάνδρου
819 2392 976 2477 λέγουσιν
999 2389 1050 2460 ὅτι
1067 2391 1197 2461 τάλαν-

227 2521 288 2563 τον
314 2493 377 2582 μὲν
405 2491 597 2582 ἐδωρήσατο
624 2490 717 2584 αὐτῷ
740 2491 957 2581 Ἀλέξανδρος
983 2498 1042 2580 τής
1061 2505 1198 2582 προθυ-

228 2602 308 2684 μίας
337 2599 461 2680 ελνεκα,
488 2593 666 2680 ἀποτεμεῖν
696 2591 733 2660 δὲ
761 2591 914 2661 έκέλενσε
940 2593 1003 2678 τήν
1029 2593 1197 2682 κεφαλήν,

227 2697 298 2766 τῶν
330 2695 485 2784 μάντεων
515 2694 623 2782 ταύτῃ
650 2693 925 2780 ἐξηγησαμένων,
959 2695 1004 2780 μή
1032 2700 1227 2782 περιιὸελνν

229 2798 324 2868 σῶαν
343 2799 475 2883 ἐκείνην
491 2793 555 2884 ’τήν
573 2795 722 2882 κεφαλήν
740 2791 810 2880 ήτις
833 2793 870 2860 τό
890 2793 1033 2881 διάδημα
1051 2795 1198 2883 ἐφόρησε

228 2899 266 2967 τὸ
294 2905 481 2984 βασίλειον·
519 2892 773 2985 Ἀριστόβουλος
800 2893 838 2962 δὲ
864 2893 1030 2963 τάλαντον
1054 2895 1121 2984 μὲν
1141 2895 1198 2964 ότι

230 3005 349 3084 ἐλαβεν
375 3000 464 3083 λέγει
488 2997 607 3082 αὐτόν,
634 2987 720 3064 ἀλλὰ
739 2995 868 3083 πληγάς
886 3003 1004 3082 λαβεῖν
1021 2999 1081 3081 τής
1101 3019 1197 3086 περι-

195 3113 211 3160 ε
229 3099 356 3178 θέσεως
375 3101 473 3167 ἕνεκα
490 3104 551 3167 τοῦ
570 3095 780 3184 διαδήματος.
805 3095 1058 3182 Ἀριστόβουλος
1075 3096 1143 3183 μὲν
1158 3097 1197 3184 δή

229 3201 298 3265 τῶν
316 3225 391 3265 τινα
408 3207 576 3268 Φοινίκων
594 3204 663 3267 τῶν
677 3199 814 3272 ναυτῶν
827 3197 915 3282 λέγει
928 3194 979 3264 ὅτι
995 3197 1033 3264 τὸ
1049 3198 1197 3286 διάδημα
1207 3232 1226 3270 ω

229 3293 493 3388 τῷἈλεξάνιλρῳ
511 3300 679 3386 ἐκόμισεν·
700 3299 765 3365 εἰσὶ
776 3295 858 3365 βέοῖ
868 3297 1037 3366 Σέλευκον
1047 3298 1197 3383 λέγουσι.

149 3449 151 3454 ,
229 3395 405 3461 καὶτοῦτο
431 3400 478 3484 τῷ
506 3423 542 3464 τε
556 3397 766 3488 Ἀλεξάνδρῳ
794 3401 937 3482 σημῆναι
954 3395 1016 3484 τήν
1034 3400 1198 3486 τελευτήν
