2632 3922
215 90 281 154 238
574 87 828 146 ΔΛΕΞΔΝΔΡΟΤ

216 249 275 318 καὶ
301 249 342 316 τὰ
370 245 423 317 ἐπ’
445 250 558 318 ἐκεῖνα
575 254 636 316 τοῦ
650 245 806 336 ‘mimos
823 245 903 332 γένη
920 253 1114 330 προσθεῖναι
1133 244 1178 330 τῇ

181 348 363 440 θόμετέρηι
390 349 605 420 Μακεδόνων
631 345 738 437 άρχῇ;
770 343 791 434 ή
817 347 924 414 δέδιτε
948 344 991 432 μὴ
1017 343 1177 423 δέξωνται

216 447 308 539 ὑμᾶς
335 457 382 520 ἔτι
408 449 505 519 άλλοι
529 449 695 538 βάρβαροι
721 447 893 530 ἐπιόντας;
921 435 967 514 ὧν
993 471 1030 529 γε
1055 447 1089 512 οἱ
1111 442 1177 530 μὲν

216 557 479 640 προσχωροῦσιν
498 551 642 636 ἑκόντες,
667 553 703 618 οἱ
719 549 756 618 δὲ
774 549 956 638 φεύγοντες
973 544 1177 630 ἁλίσκονται,
1205 631 1212 639 ¹

216 660 255 724 οἱ
277 653 316 722 δὲ
341 651 574 740 ἀποφυγόντες
600 651 663 738 τήν
689 650 803 738 χώραν
828 647 908 737 ἡμῖν
928 655 1048 736 ἔρημον
1064 671 1207 731 παραέ

217 753 383 840 διδόασιν,
409 749 430 840 ἡ
458 752 497 821 δὲ
521 767 592 832 τοῖς
618 752 801 840 ξυμμάχοις
825 777 863 820 τε
887 751 943 818 καὶ
968 762 1037 826 τοῖς
1065 747 1177 816 ἑκοῦσι

217 854 475 946 προσχωρήσασι
500 860 727 940 προστίθεται.

163 955 208 1022 26
295 957 409 1042 Πέρας
435 954 473 1022 δὲ
491 958 562 1022 τῶν
579 953 695 1022 πόνων
712 959 860 1044 γενναίῳ
877 951 940 1041 μὲν
958 950 1056 1040 ἀνδρὶ
1074 945 1177 1017 οὐδὲν

217 1060 308 1124 δοκῶ
328 1061 433 1140 ἔγωγε
450 1054 501 1122 ὅτι
517 1055 562 1142 μὴ
581 1051 707 1136 αὐτούς
724 1053 806 1136 τούς
823 1053 962 1139 πόνους,
980 1049 1050 1120 ὅσοι
1063 1049 1177 1119 αὐτῶν
1294 1111 1295 1118 ,

217 1159 252 1236 ές
287 1155 372 1224 καλά
401 1162 482 1242 ἔργα
509 1158 681 1242 φέρουσιν.
732 1163 764 1226 εἰ
789 1155 830 1224 δέ
852 1183 901 1234 τις
927 1155 983 1222 καὶ
1009 1149 1102 1242 αὐτῷ
1127 1154 1176 1241 τῷ
1191 1180 1219 1219 ιο
1294 1131 1295 1204 ί

217 1265 376 1344 πολεμεῖν
416 1267 520 1326 ποθεῖ
550 1256 695 1328 ἀκοῦσαι
725 1253 745 1324 ό
777 1282 809 1326 τι
843 1281 905 1344 περ
940 1260 1029 1326 ἔσται
1060 1253 1175 1336 πέρας,

216 1361 353 1445 μαθέτω
380 1357 430 1426 ὅτι
458 1357 498 1425 οὐ
527 1356 635 1445 πολλή
662 1363 710 1426 ἔτι
734 1356 818 1446 ἡμῖν
843 1355 981 1442 ήλοιπή
1000 1357 1086 1424 ἐστιν
1106 1357 1178 1420 ἔστε

218 1459 274 1527 ἐπὶ
299 1460 361 1528 τόν
387 1457 538 1546 ποταμόν
564 1485 600 1526 τε
619 1459 756 1548 Γάγγην
782 1459 840 1526 καὶ
857 1457 921 1543 τήν
941 1455 1029 1548 ἑῴαν
1044 1453 1177 1532 θάλασ-

217 1577 297 1626 σαν·
336 1559 444 1646 ταότη
477 1557 516 1626 δέ
547 1558 636 1645 λέγω
669 1553 755 1646 ὑμῖν
791 1558 943 1646 ξυναφὴς
974 1569 1124 1643 φανεῖται
1157 1551 1179 1640 ή

212 1657 371 1746 Ὑρκανία
404 1658 577 1728 θάλασσα·
624 1661 866 1748 ἐκπεριέρχεται
905 1659 969 1744 γάρ
995 1661 1067 1743 ’γήν
1100 1655 1177 1742 περὶ
1191 1684 1218 1724 ιε

182 1770 199 1818 2
217 1763 331 1828 πᾶσαν
348 1758 368 1846 ή
386 1760 515 1846 μεγάλη
532 1760 699 1830 θάλασσα.
727 1763 785 1830 καὶ
806 1761 870 1846 ἐγώ
892 1760 1042 1838 ἐπιδείξω
1060 1765 1186 1824 Μακε-Ἰ

217 1859 292 1928 δόσι
314 1887 350 1930 τε
368 1861 425 1928 καὶ
443 1876 515 1940 τοῖς
535 1861 718 1948 ξυμμάχοις
736 1862 803 1930 τόν
815 1861 878 1948 μὲν
893 1855 1033 1930 Ἰνδικόν
1051 1857 1179 1926 κόλπον

217 1961 366 2048 ξύρρουν
402 1958 484 2030 όντα
510 1964 556 2052 τῷ
584 1967 752 2053 Περσικῷ,
778 1959 840 2048 τήν
866 1961 904 2029 δὲ
926 1957 1103 2046 Ὑρκανίαν
1129 1961 1177 2047 τῷ

103 2075 106 2082 ’
212 2057 359 2150 Ἰνδικῷ·
399 2058 466 2126 άπδ
500 2060 539 2128 δὲ
571 2063 632 2128 τοῦ
661 2068 831 2149 Περσικοῦ
868 2063 901 2141 ἐς
929 2059 1059 2146 Λιβύην
1085 2081 1178 2145 περι·
1294 2103 1295 2116 ι

216 2159 462 2246 πλευσθήσεται
489 2161 598 2251 στόλῳ
624 2159 774 2252 ἡμετέρῳ
800 2159 841 2229 τοὶ
859 2162 955 2250 μέχρι
977 2159 1215 2248 Ἡρακλέουςεο
1294 2181 1295 2202 ³

215 2263 374 2346 Στηλῶν·
402 2258 470 2326 ἆπό
490 2259 528 2328 δέ
547 2267 690 2348 Στηλῶν
706 2261 729 2350 ή
750 2261 843 2340 ἐντός
858 2260 967 2350 Λιβύη
986 2263 1076 2328 πᾶσα
1094 2257 1177 2346 ήμε-

160 2357 163 2362 ’
212 2363 295 2447 τέρα
321 2367 470 2446 γίγνεται
496 2361 553 2428 καὶ
578 2358 710 2446 ήἈσία
737 2361 779 2449 δή
799 2360 888 2430 οὕτω
906 2367 1010 2448 πάσα,
1032 2362 1090 2430 καὶ
1108 2357 1179 2445 ὅροι

215 2466 274 2546 τῆς
300 2460 407 2548 ταότη
435 2459 538 2547 άρχής
557 2457 683 2547 οὕσπερ
700 2463 757 2530 καὶ
779 2464 840 2550 τής
857 2467 918 2547 γῆς
937 2461 1038 2548 ὅρους
1057 2459 1075 2530 ὁ
1098 2457 1178 2538 θεός

181 2563 363 2647 3ἐποίησε.
415 2565 482 2630 νῦν
514 2560 552 2630 δὲ
586 2561 628 2648 δή
662 2561 944 2650 ἀποτρεπομένων
977 2560 1087 2630 πολλὰ
1116 2559 1178 2648 μὲν

215 2658 340 2749 μάχιμα
366 2659 585 2730 ὑπολείπεται
610 2664 691 2750 γένη
720 2660 772 2731 ἐπ’
802 2665 914 2748 ἐκεῖνα
940 2667 1000 2732 τοῦ
1025 2661 1177 2749 Ὑφάσιος
1191 2691 1215 2732 ιε

217 2768 289 2831 ἔστε
309 2762 364 2830 ἐπὶ
381 2761 444 2849 τήν
468 2761 556 2852 ἕηόαν
574 2761 764 2849 θάλασσαν,
783 2763 888 2832 πολλά
908 2762 946 2832 δὲ
964 2761 1029 2831 άπὸ
1048 2761 1177 2830 τούτων

217 2868 265 2932 ἔτι
293 2863 348 2930 ἐπὶ
365 2860 621 2949 τήνῪρκανιάν
648 2860 693 2940 ὡς
722 2865 777 2931 ἐπὶ
804 2869 933 2952 βορρᾶν
960 2861 1095 2950 άνεμον,
1122 2863 1178 2930 καὶ

215 2961 256 3030 τοὶ
272 2958 430 3030 Σκυθικοὶ
457 2963 538 3048 γένη
565 2960 606 3029 οὐ
626 2963 742 3050 πόρρω
760 2963 903 3050 τούτων,
932 2961 1016 3032 έόστε
1043 2965 1119 3042 δέος
1133 2963 1177 3050 μή

215 3057 435 3130 άπελδόντων
450 3060 557 3130 όπίσω
570 3063 627 3129 καὶ
646 3063 686 3130 τά
704 3067 771 3130 νῦν
786 3063 989 3150 κατεχόμενα
1007 3060 1047 3132 ου’
1062 3065 1177 3150 βέβαια

87 3217 92 3226 .
216 3159 297 3230 όντα
325 3163 457 3248 ἐπαρθῇ
486 3161 571 3248 πρὸς
589 3160 775 3232 ἀπόστασιν
792 3164 876 3250 πρὸς
894 3167 965 3232 τῶν
981 3163 1080 3252 μήπω
1103 3165 1173 3251 έχο·
1188 3188 1214 3228 εο

110 3276 116 3286 ’
180 3289 199 3336 4
216 3260 339 3346 μένων.
366 3262 422 3327 καὶ
442 3259 518 3329 τότε
537 3259 578 3348 δή
598 3259 755 3350 άνόνητοι
772 3263 853 3350 ἡμῖν
869 3271 1001 3333 ἔσονται
1013 3269 1051 3333 οἱ
1061 3265 1177 3332 πολλοὶ

216 3359 317 3428 πόνοι
333 3355 355 3445 ή
376 3357 489 3428 όὶλλων
516 3351 617 3441 αὖθις
637 3364 669 3442 ἐξ
687 3362 789 3452 άρχής
808 3363 918 3449 δεήσει
935 3363 1052 3434 κόνων
1069 3390 1104 3431 τε
1121 3365 1177 3432 καὶ
