2572 3920
207 137 247 200 12
558 134 809 194 ΑΔΕΞΑΝΔΡΟΤ

205 283 319 347 ἵππων
336 279 393 346 καὶ
410 275 655 366 ἀναμιχθέντας
672 290 743 356 τοῖς
767 280 905 346 ίππεῦσι
929 273 1044 357 πεζούς
1063 273 1166 363 μάχε·
1276 279 1277 288 ’

118 413 122 420 ·
171 391 296 450 θσθαι.
340 384 375 448 οί
398 378 436 448 δέ
462 379 611 500 πολέμιοι
635 376 697 465 την
724 375 833 466 ὁρμὴν
859 375 922 463 την
945 374 1166 466 Ἀλεξάνδρου
1276 383 1277 386 ’

207 479 335 561 ἰδόντες
348 487 502 549 λείπουσι
515 478 574 549 τόν
587 477 737 577 γήλοφον
746 479 802 546 καλ
817 484 1096 568 παρεκκλίνουσιν
1111 474 1164 564 ἐφ’

207 580 344 671 ἑκάτερα
361 586 430 650 νῦν
448 579 549 671 όρῶν.
580 571 667 649 ἔνθα
684 578 725 667 δη
741 577 937 666 καταλαβών
952 577 1168 667 Ἀλέξανδρος

177 681 268 751 τόν
297 680 451 808 γηλοφον
474 680 541 751 σῦν
563 696 633 805 τρίς
659 683 799 769 ἑταίροις
821 680 901 760 τούς
930 707 966 748 τε
993 677 1167 766 Ἀγριᾶνας
1193 704 1207 746 ε

204 784 449 909 μεταπέμπεται
466 783 523 851 καὶ
539 781 619 863 τούς
635 781 820 869 τοξότας,”
800 808 900 906 ρντας
919 783 951 860 ἐς
970 785 1166 868 δισχιλίους

205 883 285 964 τοῦς
299 883 374 954 δὲ
353 881 562 964 υπασπιστάς
577 882 812 970 διαβαίνειν
776 910 837 953 τον
850 880 1000 970 ποταμόν
1015 881 1168 950 ε’κέλευσε
1276 875 1277 912 ³

205 987 261 1054 καὶ
289 987 344 1054 ἐπὶ
367 985 493 1066 τούτοις
511 983 569 1064 τάς
586 985 691 1068 τάξεις
714 991 783 1054 τάν
801 983 1030 1055 Μακεδόνων·
1067 979 1168 1052 ὁπότε
1276 979 1277 1048 J

205 1085 244 1154 δέ
267 1085 441 1174 διαβάντες
464 1085 613 1174 τύχοιεν,
638 1083 690 1154 ἐπ’
710 1083 836 1154 ἀσπίδα
860 1083 1096 1170 ἐκτάσσεσθαι,
1124 1080 1168 1165 ῦς
1276 1077 1277 1084 ¹

205 1185 342 1276 πυκνήν
368 1184 476 1267 εῦθύς
500 1186 689 1274 διαβάντων
706 1193 888 1274 φαίνεσθαι
910 1184 973 1273 την
991 1183 1165 1274 φάλαγγα·
1181 1211 1206 1250 ιο
1276 1185 1277 1188 ’

207 1285 308 1368 αύτὸς
327 1289 364 1358 δέ
382 1291 420 1358 ἐν
438 1293 641 1378 προφυλακῇ
667 1285 715 1356 ω”ν
733 1285 799 1357 ἀπό
820 1292 882 1356 τοῦ
900 1286 1011 1374 λόφου
1030 1283 1168 1375 ἀφεώρα

173 1401 188 1450 ⁷
206 1396 274 1458 τῦν
292 1395 461 1477 πολεμίων
473 1387 535 1476 τὴν
548 1386 666 1477 ὁρμήν.
701 1393 736 1458 ολ
747 1391 795 1476 δέ,
810 1385 955 1478 ὁρῶντες
969 1393 1167 1476 διαβαίνου-

206 1509 270 1558 σαν
287 1489 348 1577 την
368 1490 530 1576 δύναμιν,
548 1487 633 1557 κατά
649 1489 690 1558 τά
708 1488 769 1578 ὅρη
787 1485 1015 1580 ἀντεπῄεσαν,
1036 1487 1081 1569 ῦς
1098 1502 1167 1568 τοῖς

205 1589 284 1678 μετά
307 1588 527 1679 Ἀλεξάνδρου
552 1591 786 1678 ἐπιθησόμενοι
808 1597 1009 1670 τελευταίοις
1033 1588 1167 1678 ἀποχω-

206 1697 332 1778 ροῦσιν.
368 1690 386 1760 ὁ
409 1692 447 1760 δέ
470 1691 677 1774 πελαζόντων
694 1690 760 1779 ἤδη
778 1689 882 1771 αύτός
902 1694 998 1760 ἐκθεῖ
1012 1690 1080 1760 σύν
1097 1706 1166 1770 τοῖς
1182 1717 1205 1756 ιε

206 1787 292 1880 ἀμφ’
319 1790 440 1880 αύτόν,
467 1793 525 1862 καὶ
550 1787 571 1880 ἡ
599 1793 748 1881 φάλαγξ,
781 1787 825 1873 ολς
850 1791 904 1860 διά
930 1798 992 1862 τοῦ
1016 1796 1167 1880 ποταμοῦ

207 1897 364 1982 ἐπιοῦσα,
390 1894 611 1982 ἐπηλάλαξεν·
648 1899 683 1963 oc
707 1893 745 1963 δέ
771 1894 921 1982 πολέμιοι
942 1893 1085 1962 ’πάντων
1113 1895 1167 1960 ἐπὶ

205 1999 294 2084 σφάς
310 1995 523 2065 ἐλαυνόντων
538 1998 749 2082 ἐγκλίναντες
763 2001 924 2083 ἔφευγον·
943 1996 998 2062 καλ
1013 1993 1166 2085 ἐντούτῳ

207 2098 331 2182 ἐπῆγεν
346 2091 562 2186 Ἀλέξανδρος
575 2096 652 2176 τούς
665 2123 701 2165 τε
715 2094 891 2185 Ἀγριᾶνας
905 2096 961 2164 καὶ
978 2095 1056 2176 τούς
1070 2095 1165 2176 τοξό-

171 2208 264 2276 8τας
291 2196 406 2290 δρόμῳ
431 2195 476 2277 τός
503 2198 557 2264 ἐπὶ
582 2195 642 2266 τόν
668 2196 827 2284 ποταμόν.
868 2197 925 2266 καὶ
949 2203 1079 2285 πρῶτος
1103 2195 1206 2284 μένεο
1276 2251 1277 2272 ,

60 2293 62 2297 ’
206 2295 306 2378 αύτός
320 2297 457 2385 φθάσας
472 2303 649 2385 διαβαίνει·
667 2313 738 2378 τοῖς
750 2304 950 2378 τελευταίοις
964 2303 985 2367 δ
988 2297 1003 2366 ἐ
1018 2291 1062 2377 ῦς
1076 2295 1167 2366 εἶδεν
1276 2291 1277 2386 λ

207 2400 433 2487 ἐπικειμένους
457 2397 536 2480 τούς
555 2405 733 2487 πολεμίους
752 2397 929 2486 ἐπιστήσας
948 2399 1003 2468 ἐπὶ
1018 2404 1061 2488 τῇ
1079 2397 1166 2486 όχθη
1276 2419 1277 2422 ’

204 2500 263 2578 τάς
279 2499 429 2588 μηχανάς
449 2501 664 2582 ἐξακοντίζειν
688 2499 732 2580 άς
750 2498 953 2590 πορρωτάτω
972 2497 1032 2568 ἀπ’
1053 2497 1168 2568 αύτολν

206 2603 381 2670 ἐκέλευσεν
399 2601 462 2670 ὅσα
479 2599 546 2670 ἀπδ
564 2607 723 2690 μηχανῶν
740 2603 820 2688 βέλη
839 2602 1087 2684 ἐξακοντίζεται·
1111 2601 1167 2668 καὶ

205 2700 285 2780 τούς
302 2700 437 2782 τοξότας
461 2701 499 2770 δέ
524 2704 560 2770 ἐκ
584 2703 689 2790 μέσον
718 2707 779 2770 τοῦ
805 2707 955 2789 ποταμοῦ
984 2701 1167 2784 ἐκτοξεύειν
1181 2731 1206 2772 τε

207 2801 410 2888 ἐπεσβάντας
423 2803 480 2871 καὶ
496 2802 645 2883 τούτους.
672 2804 729 2872 καὶ
747 2807 782 2871 ολ
796 2803 859 2892 μὲν
877 2799 964 2892 ἀμφὶ
980 2802 1039 2872 τόν
1053 2811 1167 2873 Γλαυ·

205 2909 282 2970 κίαν
301 2913 381 2974 είσω
398 2905 518 2990 βέλους
532 2912 718 2992 παρελθεῖν
732 2898 795 2972 ούκ
810 2903 974 2991 ἐτόλμων·
1002 2908 1037 2972 ολ
1048 2914 1167 2974 Maxe-

205 3003 302 3082 δόνες
321 3003 358 3072 δέ
377 3006 412 3072 ἐν
430 3004 537 3096 τούτῳ
561 3002 720 3092 ἀσφαλῶς
745 3005 911 3092 ἐπέρασαν
928 3001 990 3074 τόν
1007 3003 1168 3093 ποταμόν,

207 3103 291 3173 ὥστε
310 3101 423 3185 ούδελς
440 3103 613 3173 ἀπέθανεν
632 3107 669 3173 ἐν
686 3109 728 3194 τῇ
745 3102 953 3195 ἀποχωρήσει
970 3104 1094 3176 αύτῦν.

171 3217 188 3265 9
287 3209 389 3294 Τρίτη
404 3205 442 3274 δὲ
455 3203 513 3274 ἀπ’
534 3208 664 3292 ἐκείνης
676 3203 784 3296 ἡμέρη
798 3205 1003 3294 καταμαθών
1012 3205 1167 3289 Ἀλέξαν-
1181 3237 1207 3276 το

205 3299 284 3394 δρος
312 3311 421 3386 κακῶς
452 3305 686 3394 αὐλιζομένους
716 3307 796 3388 τούς
827 3304 914 3395 ἀμφὶ
939 3316 1083 3378 Κλεῖτον
1113 3309 1169 3376 καὶ

204 3413 396 3495 Γλαυκίαν,
427 3408 483 3475 καλ
514 3403 592 3476 ούτε
622 3407 775 3496 φυλακάς
802 3410 838 3476 ἐν
868 3414 910 3496 τῇ
933 3407 1021 3490 τάξει
1052 3409 1168 3490 αὐτοῖς
1276 3489 1277 3492 ¹
