2572 3920
212 150 255 217 66
570 145 819 210 ΑΛΕΞΑΝΔΡΟΤ

212 297 316 360 ἵππον
329 292 390 379 τήν
405 292 460 361 ἐπὶ
474 297 629 384 Γρανικῷ
643 302 838 381 ταχθεῖσαν,
856 291 939 363 οόδὲ
957 292 1036 375 τούς
1054 297 1177 382 δισμυ*

213 398 308 481 ρίους
326 393 443 472 ξένους
461 391 540 472 τούς
558 393 811 483 μισθοφόρους,
836 391 922 463 άλλά
942 399 1086 482 Περσῶν
1103 422 1139 464 τε
1157 393 1186 462 ό

212 519 243 560 τι
268 517 331 580 περ
355 491 476 580 όφελος
494 493 551 562 καὶ
569 492 703 580 Μήδων
720 494 776 562 καὶ
794 493 858 563 ὅσα
876 493 962 562 άλλα
979 500 1063 581 ἔθνη
1082 495 1176 582 Πέρ-
1274 517 1275 520 ’

212 614 285 674 σαις
298 593 355 662 καλ
368 592 500 680 Μήδοις
513 587 647 680 ὑπήκοα
661 595 788 664 ἐποικεῖ
798 594 860 682 τήν
871 592 985 664 Ἀσίαν
998 595 1055 662 καλ
1068 589 1177 664 αότόν

211 697 318 782 μέγαν
340 693 478 780 βασιλέα
501 693 671 783 παρόντα,
696 696 752 762 καὶ
778 693 822 776 ῶς
840 693 944 764 οὐδὲν
961 687 1172 783 όπολειφθή-
1201 720 1239 790 ε·

212 801 308 863 σεταί
323 815 437 888 σφισιν
456 794 511 862 έπὶ
528 799 616 885 τῷδε
633 793 804 890 τῶγάγῶνι
822 789 872 863 ότι
888 794 933 883 μή
952 808 1089 884 κρατεῖν
1115 801 1175 882 τής

208 892 328 976 Ἀσίας-
342 893 514 983 ξυμπάσης
532 894 588 962 καὶ
606 895 709 982 πέρας
727 908 796 974 τοῖς
814 903 951 976 πολλοῖς
969 893 1084 976 πόνοις
1102 897 1175 964 έπι-

109 1006 112 1010 “
179 1005 333 1064 ῖθεῖναι.
381 995 436 1064 έπλ
465 991 593 1080 τούτοις
624 993 663 1064 δὲ
687 998 756 1064 τῶν
781 1021 817 1063 τε
840 1001 888 1076 εἰς
911 995 949 1064 τό
973 994 1088 1066 κοινόν
1111 992 1176 1078 ξόν

211 1092 416 1186 λαμπρότητι
443 1093 509 1182 ἤδη
538 1095 783 1185 πεπραγμένων
805 1092 1038 1185 ὑπεμίμνησκε
1063 1098 1119 1165 καὶ
1143 1103 1177 1165 εί

211 1196 255 1283 δή
284 1223 331 1288 τῳ
358 1202 429 1288 ἰδίᾳ
458 1222 490 1265 τι
513 1195 693 1285 διαπρεπὲς
717 1198 750 1276 ές
773 1195 895 1276 κάλλος
918 1197 1172 1285 τετολμημένον,
1189 1225 1215 1263 ιο

210 1294 371 1385 ὀνομαστί
401 1301 540 1367 ἕκαστον
566 1297 621 1366 έπλ
644 1301 693 1389 τῶ
717 1301 804 1388 ἔργω
820 1295 1010 1366 ἀνακαλῶν.
1055 1297 1112 1364 καλ
1135 1295 1173 1364 τδ

212 1395 319 1466 αὑτοῦ
342 1395 405 1467 οόκ
429 1397 615 1468 άκίυδυνον
639 1392 677 1466 ἒν
700 1411 781 1477 τοιῖςΙ
796 1397 916 1486 μάχαις
947 1395 992 1477 ῶς
1023 1392 1172 1486 άνεπαχ-

177 1512 194 1561 8
210 1498 357 1566 θέστατα
375 1496 513 1587 ἐπεξῄει.
540 1499 669 1584 λέγεται
682 1496 790 1567 δὲκαὶ
803 1503 1021 1586 ,Ξενοφῶντος
1034 1499 1174 1566 καὶτῶν

210 1595 279 1685 άμα
296 1603 489 1685 Ξενοφῶντι
504 1604 637 1688 μυρίων
655 1595 690 1678 ές
707 1597 841 1686 μνήμην
860 1594 988 1686 ε’λθεῖν,
1008 1595 1052 1679 ῶς
1070 1593 1173 1668 οὐδέν

210 1724 241 1766 τι
264 1693 344 1768 οότε
365 1696 448 1775 κατά
471 1704 601 1786 πλῆθος
625 1697 705 1768 οότε
728 1697 812 1768 κατά
829 1697 892 1786 τήν
910 1698 1016 1786 άλλην
1033 1694 1173 1781 άξίωσιν
1186 1725 1212 1766 ιτ

194 1805 328 1886 σφίσιν
351 1797 555 1887 ἐπεοικότες,
589 1794 672 1868 ον’δὲ
699 1800 830 1869 ίππέων
852 1797 970 1880 αὐτοῖς
993 1796 1173 1891 παρόντων

211 1906 411 1988 Θεσσαλῶν,
441 1897 524 1970 οὐδὲ
541 1905 700 1971 Βοιωτῶν
718 1897 739 1988 ή
757 1906 1062 1989 Πελοποννησίων,
1089 1895 1171 1969 οόδὲ

210 2000 424 2070 Μακεδόνων
440 1993 462 2088 ἦ
481 2005 636 2091 Θρᾳκῶν,
655 1997 730 2069 οὐδ’
751 1999 814 2088 ὅση
832 1999 917 2088 άλλη
936 2007 1055 2089 σφίσιν
1071 2005 1173 2080 ἵππος

210 2103 440 2188 ξυντέτακται,
464 2098 545 2171 οὐδὲ
568 2103 714 2182 τοξοτῶν
735 2095 757 2188 ἢ
776 2106 1031 2189 σφενδονητῶν,
1048 2099 1110 2188 ,ὅτι
1126 2100 1172 2190 μή

209 2207 354 2292 Κρητῶν
366 2196 533 2290 ήῬοδίφν
547 2197 685 2288 ὀλίγων,
699 2202 755 2270 καὶ
768 2201 898 2272 τούτων
911 2200 950 2272 ἐν
962 2207 1009 2295 τῶ
1021 2201 1171 2294 κινδύνῳ
1184 2228 1210 2269 νο

175 2300 278 2371 νόπδ
295 2307 515 2390 Ξενοφῶντος
533 2298 914 2390 αὐτοσχεδιασθέντων,
927 2307 963 2372 οἱ
978 2301 1016 2372 δὲ
1035 2304 1172 2390 βασιλέα
1248 2383 1252 2390 ¹

164 2432 168 2439 ·
208 2429 244 2474 τε
262 2401 324 2485 ξόν
341 2403 433 2493 πάση
451 2407 493 2492 τῇ
510 2401 652 2490 δυνάμει
669 2401 754 2492 πρός
771 2409 953 2492 Βαβυλῶνι
970 2398 1058 2494 αότή
1078 2401 1171 2494 ἐτρέ-

210 2519 317 2587 ψαντο
347 2504 404 2572 καὶ
434 2509 519 2591 ἔθνη
550 2501 614 2572 ὅσα
644 2503 826 2574 κατιόντων
851 2511 900 2586 είς
923 2502 983 2573 τὸν
1008 2504 1173 2587 Εόξεινον

209 2603 336 2674 πόντον
357 2601 437 2673 καθ’
463 2601 546 2673 ὁδόν
564 2624 680 2692 σφισιν
698 2605 871 2692 ἐπεγένετο
888 2607 1172 2692 νικῶντεςέπήλ-

208 2715 290 2774 θον·
325 2703 389 2774 ὅσα
412 2732 449 2775 τε
473 2704 558 2774 άλλα
576 2707 613 2774 έν
630 2711 677 2798 τῷ
694 2710 814 2798 τοιῶδε
831 2705 897 2795 πρό
915 2711 985 2776 τῶν
1001 2705 1172 2775 κινδόνων
1183 2731 1209 2772 ιε

209 2808 244 2886 ἐς
274 2802 484 2896 παράκλησιν
513 2804 677 2896 άνδράσιν
707 2805 851 2894 άγαθοῖς
875 2808 908 2889 ἐξ
933 2801 1067 2894 άγαθοῦ
1091 2804 1171 2895 ήγε-

208 2905 311 2994 μόνος
347 2917 585 2998 παραινεῖσθαι
616 2907 715 2987 είκός.
769 2913 804 2978 οί
830 2907 869 2978 δέ
898 2907 998 2988 άλλος
1027 2905 1173 2976 ἄλλοθεν

209 3005 420 3095 δεξιούμενοί
441 3035 476 3077 τε
499 3006 559 3077 τόν
576 3008 713 3095 βασιλέα
730 3008 788 3078 καλ
804 3014 851 3102 τῶ
870 3008 959 3102 λόγῳ
978 3010 1173 3099 ἐπαίροντες

208 3104 306 3192 άγειν
322 3105 389 3194 ήδη
407 3107 575 3178 έκέλευον.

178 3216 200 3283 8
282 3204 317 3277 ‘0
349 3206 387 3276 δὲ
418 3207 494 3278 τότε
526 3207 589 3296 μὲν
621 3213 905 3281 δειπνοποιεῖσθαι
934 3211 1171 3300 παραγγέλλει·
1186 3237 1210 3276 ω

208 3307 395 3399 προπέμπει
417 3308 456 3378 δὲ
473 3306 518 3390 ῶς
538 3309 594 3378 έπλ
610 3306 669 3391 τοὶς
686 3311 795 3392 πάλας
811 3319 881 3382 τῶν
898 3339 934 3381 τε
951 3313 1082 3380 ἱππέων
1099 3308 1172 3379 ὀλί-

186 3411 188 3416 ’
209 3436 293 3496 γους
306 3410 362 3480 καλ
374 3416 443 3480 τῶν
455 3412 600 3493 τοξοτῶν
618 3414 995 3501 προκατασκεψομένους
1013 3411 1074 3502 τήν
1093 3405 1173 3482 ὁδόν
