2546 3920
408 162 594 216 ιαεοεειε
611 165 641 227 τ,
660 164 700 216 ιο.
719 166 760 216 ιτ.
933 243 936 253 y
1003 162 1068 227 315

94 319 189 400 είκός
214 319 311 400 τέλος
329 317 415 407 όρᾶν
441 323 572 408 μακροῦ
597 325 677 406 βίον
704 318 789 408 μηδὲ
816 318 967 409 πρόσθεν
990 321 1066 388 τινά
1147 385 1150 391 ,

94 419 294 506 ἀνθρώπων
319 418 523 506 ἀποφαίνειν
540 419 736 508 εὐδαίμονα
789 422 861 490 ἐπεὶ
886 421 944 490 καὶ
970 417 1101 513 αῦτςῦε

91 519 343 613 Ἀλεξάνδρῳ
324 548 346 607 η
360 520 607 610 Ἠφαιστίωνος
623 519 762 607 τελευτὴ
780 520 821 590 06
839 518 961 609 σμικρά
979 522 1064 608 ξυμ-

95 619 190 711 φορά
221 621 401 709 γεγένητο,
438 610 477 709 69
507 621 565 691 καλ
597 619 702 702 αάτδς
731 621 949 710 Ἀλέξανδρος
980 646 1067 710 προ-

66 749 82 788 5
98 717 302 792 απελθεῑν”
282 749 326 792 αν
343 727 440 794 δοκεῖ
453 749 510 809 μοι
523 725 681 818 ἐθελῆσαι
693 717 855 809 mum*
834 750 856 810 6
868 727 935 806 ξῦν
948 746 1066 810 πειρα-

94 828 215 910 θῆναι,
249 821 291 892 οῦ
318 837 415 910 μεῖον
439 817 461 911 6
485 825 543 892 καὶ
566 820 716 911 Ἀχιλλέα
743 819 880 906 6926*
860 849 903 892 αν
930 825 1067 893 ἑλέσθω

95 932 355 1011 προαποθανεῖν
381 924 583 1011 Πατρόκλου
614 919 796 1012 μᾶλλον
776 927 886 1013 ητοῦ
910 923 1066 994 θανάτου

98 1021 199 1094 αὐτοῦ
225 1022 373 1112 τιμωρόν
399 1025 568 1110 γενέσθαι.

170 1095 234 1194 Ην
251 1125 293 1196 δέ
307 1152 338 1194 τι
353 1122 452 1193 naz*
427 1148 582 1194 νποπτον
599 1121 693 1218 αάτῳ
679 1127 746 1206 ’ἐς
763 1120 844 1205 τοῦς
860 1129 1064 1212 Χαλδαίους,
1077 1124 1117 1190 17

52 1222 147 1306 1069
173 1225 215 1294 οά
239 1225 324 1294 κατά
349 1231 511 1313 μαντείαν
527 1253 559 1294 τι
575 1193 705 1314 μᾶλλόν
727 1253 749 1312 η
734 1219 802 1306 ἐς
820 1220 987 1313 ἀφέλειαν
1003 1225 1066 1312 τὴν

95 1324 216 1395 αῦτάν
233 1326 333 1416 φέροι
349 1323 468 1406 αῦτοίς
493 1322 516 1412 6
542 1326 688 1406 κάλυσις
714 1330 774 1414 τῆς
789 1324 1013 1414 Ἀλεξάνδρου
1032 1329 1066 1406 ἐς

94 1431 290 1515 Βαβυλῶνα
317 1429 354 1496 ἐν
379 1431 428 1519 τῷ
454 1425 530 1496 τότε
556 1425 710 1506 ἐλάσεως.
750 1425 854 1514 όγάρ
871 1437 933 1495 του
919 1427 1065 1512 Βήλου

94 1525 187 1607 νεοδς
206 1529 244 1596 ἐν
259 1526 347 1616 μέση
365 1553 407 1618 τη
392 1518 550 1598 ”’πόλει
530 1554 573 1614 ην
585 1532 655 1596 τάν
668 1533 912 1616 Βαβυλωνίων,
930 1527 1068 1614 μεγέθει

94 1654 135 1698 τε
168 1628 322 1716 μέγιστος
353 1629 411 1698 καὶ
443 1631 480 1698 ἐκ
512 1635 662 1699 πλίνθου
694 1627 801 1715 όπτῆς
834 1629 872 1697 ἐν
904 1622 1066 1720 ἀσφάλτῳ

53 1760 81 1800 ιε
95 1728 322 1818 ἡρμοσμένης.
362 1733 485 1798 τοῦτον
501 1727 562 1799 τόν
578 1729 680 1816 νεών,
706 1727 819 1815 άσπερ
845 1729 903 1796 καὶ
920 1727 961 1796 τά
979 1728 1066 1796 ἀλλα
1083 1741 1100 1789 2

98 1829 176 1917 ίερά
201 1828 243 1898 τά
268 1834 519 1919 Βαβυλωνίων,
551 1831 675 1918 Ξέρξης
700 1829 921 1914 κατέσκαψεν,
947 1825 1003 1897 ὅτε
1030 1832 1067 1897 ἐκ

95 1935 160 2018 τῆς
173 1925 333 2014 Ἑλλάδος
360 1926 469 2000 ὀπίσω
501 1928 745 2018 ἀπενόστησεν·
781 1925 1001 2016 Ἀλέξανδρος
1027 1929 1066 1998 δὲ

97 2034 140 2101 ἐν
164 2035 215 2123 νῷ
241 2029 330 2117 εἶχεν
356 2028 591 2118 ἀνοικοδομεῖν
617 2036 655 2100 ολ
676 2028 741 2118 μὲν
766 2031 925 2116 λέγουσιν
943 2028 994 2097 ότι
1011 2030 1067 2098 ἐπὶ

96 2144 172 2212 τοῖς
196 2138 364 2219 θεμελίοις
381 2145 452 2212 τοϊς
468 2130 633 2220 πρόσθεν,
659 2132 717 2200 καὶ
743 2130 866 2200 τοῦτον
890 2131 989 2200 ἕνεκα
1005 2129 1067 2198 τόν

56 2263 84 2303 εο
99 2237 186 2318 χοῦν
214 2232 347 2305 ἐκέλευε
373 2231 527 2322 ἐκφέρειν
551 2234 633 2314 τοῦς
659 2238 919 2320 Βαβυλωνίους·
957 2237 994 2301 ολ
1016 2231 1066 2318 δέ,

97 2330 155 2402 ὅτι
187 2334 244 2402 καλ
282 2339 418 2422 μείζονα
450 2339 500 2404 ἔτι
529 2335 593 2403 τοῦ
624 2333 729 2403 πάλαι
761 2331 868 2413 ὄντος.
922 2332 994 2401 ἐπεὶ
1028 2331 1102 2401 δὲ3

98 2432 309 2514 ἀποστάντος
335 2432 445 2504 αάτοῦ
461 2439 646 2522 μαλθακοῖς
663 2431 865 2521 ἀνθήψαντο
882 2437 945 2502 τοῦ
964 2439 1066 2520 ἔργον

99 2525 151 2613 οἷς
165 2539 273 2602 ταῦτα
289 2536 523 2623 ἐπετέτραπτο,
539 2534 557 2604 6
574 2533 613 2604 δδ
626 2539 671 2624 τῇ
688 2535 828 2624 στρατιά
837 2532 927 2623 πόση
939 2533 1068 2603 ἐπενόει

59 2762 87 2803 τε
102 2731 231 2820 πολλὴν
248 2731 367 2833 μὲν
328 2761 392 2820 την
409 2733 524 2822 χώραν
542 2733 720 2822 ἀνειμένην
739 2735 838 2802 ἐκ
793 2759 862 2801 των
875 2731 1067 2821 Ἀσσυρίων

99 2823 278 2922 βασιλέων,
297 2833 408 2904 πολάν
426 2833 464 2904 δε
477 2834 615 2922 χρυσόν.
654 2830 750 2903 κάλ’
730 2831 799 2902 απὸ
816 2833 942 2904 τοῦτον
960 2835 1065 2903 πάλαι
1084 2849 1104 2898 4

99 2933 164 3021 μὲν
189 2933 250 3003 τόν
278 2933 368 3004 νειάν
401 2933 674 3019 ἐπισκευάζεσθαι
699 2935 756 3003 καὶ
782 2931 843 3014 τάς
868 2941 993 3056 θυσίας
1017 2941 1067 3027 τῷ

99 3039 170 3127 θεῷ
186 3033 349 3106 θόεσθαι·
382 3034 461 3106 τότε
477 3034 516 3105 δέ
534 3034 615 3117 τοῦς
633 3040 826 3115 Χαλδαίους
842 3033 883 3104 τά
902 3041 963 3104 τοῦ
980 3041 1068 3106 θεοῦ

98 3136 278 3261 νέμεσθαι,
317 3130 383 3206 οῦκ
415 3134 513 3217 ὄντος
552 3136 639 3218 ἐς”
618 3164 636 3206 ο
669 3163 701 3206 τι
738 3131 995 3223 ἀναλωθήσεται
1025 3137 1068 3206 τά

60 3261 88 3302 ao
101 3236 369 3326 περιγιγνόμενα.
403 3236 537 3308 τούτων
560 3236 656 3324 66¹⁴
621 3264 734 3308 εινεκα
750 3235 896 3307 ῦποπτοι
908 3224 1068 3318 Ἀλεξάν-

102 3329 219 3429 δρφ
198 3358 286 3426 ησαν
311 3337 376 3409 οῦκ
404 3340 534 3408 ἐθέλειν
559 3347 745 3428 παρελθεῖν
762 3349 843 3408 είσω
860 3343 1070 3426 Βαβυλῶνος

96 3434 380 3532 Ἀλέξανδρονῇ
354 3467 400 3521 ως
425 3438 471 3530 μη
500 3433 547 3510 δι’
574 3439 694 3528 ὀλίγον
722 3437 783 3510 τόν
807 3437 897 3510 νεάν
921 3442 1071 3510 ἐπιτελε-
