2572 3920
344 157 350 166 ’
442 155 626 210 mmm
644 160 667 220 1,
687 159 727 208 ιο.
1028 157 1070 224 53

103 323 205 384 μενος
229 300 300 364 τοῖν
324 295 523 384 φευγόντων
548 294 612 382 την
628 287 730 364 πόλιν
747 291 862 365 αύτῶν
880 301 971 389 αίρεῖ
986 297 1070 368 κατά

104 395 235 486 κράτος.
267 402 337 465 τάν
351 396 390 466 δὲ
407 395 471 479 ξύν
488 394 581 488 αύτῷ
595 397 789 486 Κλέανδρός
806 425 842 466 τε
855 395 873 468 ὁ
888 400 1071 488 στρατηγὸς

103 503 174 566 ταῖν
198 499 345 579 τοξοτῶν
370 495 579 584 ἀποθνήσκει
596 497 653 565 καὶ
670 503 739 566 τῶν
758 497 870 567 άλλων
888 496 974 588 ἀμφὶ
991 499 1071 580 τούς

104 609 241 668 εἴκοσιν.
285 595 503 688 Ἀλέξανδρος
534 597 572 666 δέ
602 599 657 666 έπὶ
678 597 755 679 τούς
779 594 902 680 άλλους
927 605 1071 680 Πισίδας

79 689 179 785 εῆγε·
216 699 274 766 καὶ
296 697 337 766 τά
363 701 426 786 μέν
451 707 528 768 τινα
542 704 610 768 τόν
627 706 803 790 φρουρίων
820 706 879 792 βίᾳ
898 703 1013 788 ἐξεῖλε,
1031 699 1072 770 τὰ

105 799 143 868 δὲ
160 797 324 890 ὁμολογίᾳ
341 799 582 888 προσηγάγετο.
797 859 810 882 ,

178 898 359 978 Ἐντεῦθεν
386 900 424 968 δὲ
443 899 495 990 ᾔει
514 901 568 969 ἐπὶ
588 907 740 990 Φρυγίας
758 900 849 992 παρὰ
866 901 929 990 την
947 910 1070 990 λίμνην
1078 910 1121 978 29

104 993 128 1091 ᾗ
153 999 263 1089 ὄνομα
278 999 455 1088 Ἀσκανία,
483 1003 519 1070 ἐν
537 995 561 1091 ᾖ
579 1000 657 1082 άλες
674 1001 861 1089 πήγνυνται
879 1001 1070 1092 αὐτόματοι,

104 1102 160 1170 καὶ
184 1101 316 1224 τούτοις
340 1107 486 1192 χρῶνται
510 1107 546 1170 οί
568 1101 734 1192 έπιχάριοι
751 1099 838 1172 ουδὲ
850 1103 1022 1192 θαλάσσης
1039 1131 1071 1174 τι

67 1231 92 1271 10
107 1203 162 1272 ἐπὶ
179 1201 289 1294 τούτῳ
307 1204 454 1272 δέονται·
483 1198 572 1272 καλ’
553 1218 741 1290 αφικυεῖται
754 1207 787 1284 ἐς
801 1203 968 1284 Κελαινάς
987 1231 1072 1292 πεμ-

105 1291 232 1382 πταῖος.
270 1305 307 1372 ἐν
332 1303 370 1372 δέ
393 1318 467 1383 ταῖς
485 1312 667 1382 Κελαιναῖς
691 1299 778 1393 άιιρα
794 1297 839 1392 ἦν
856 1305 964 1392 πάντη
982 1302 1070 1374 άπό-

104 1431 216 1493 τομος,
234 1405 292 1472 καὶ
308 1404 435 1492 ταύτην
453 1402 587 1492 φυλακὴ
606 1418 758 1492 κατεῖχεν
772 1408 808 1474 ἐκ
821 1410 881 1474 τού
898 1405 1069 1496 σατράπου

104 1512 162 1592 τῆς
184 1510 337 1594 Φρυγίας
355 1510 468 1594 Κᾶρες
491 1505 554 1594 μεν
578 1513 693 1592 χίλιοι,
717 1504 874 1592 Ἕλληνες
893 1507 931 1576 δέ
948 1517 1070 1594 μισθο-

105 1607 206 1696 φόροι
236 1605 363 1674 ἑκατόυ.
407 1606 464 1673 καὶ
490 1597 581 1674 οὗτοι
605 1605 847 1696 πρεσβεύονται
870 1605 949 1695 παρ’
974 1605 1067 1678 Ἀλέ-
1086 1621 1104 1672 2

68 1735 92 1774 ιε
105 1711 264 1796 ξανδρον,
284 1705 574 1794 ἐπαγγελλόμενοι,
598 1703 725 1794 είμη’
707 1734 754 1794 αφ
757 1707 860 1776 ίιιοιτό
878 1729 971 1795 σφισι
987 1708 1069 1796 βοή-

104 1819 180 1877 θεια
206 1809 244 1876 έν
267 1799 416 1897 ημέρηι
393 1835 415 1896 η
434 1807 617 1892 ξυνέκειτο,
645 1805 833 1896 φράσαντες
850 1807 912 1894 τὴν
929 1807 1069 1897 ἡμέραν,

104 1907 154 1978 ότι
179 1907 420 1997 παραδάσουσι
443 1905 479 1975 τό
502 1914 636 1997 χωρίον.
672 1908 728 1974 καὶ
747 1910 839 1990 ἔδοξε
856 1913 962 1976 ταῦτα
976 1907 1069 1978 Ἀλε-

104 1997 239 2101 ξάνδρφ
271 2006 506 2098 άφελιμάτερα
535 2003 556 2094 ἢ
586 2015 776 2097 πολιορκεῖν
806 2007 935 2098 άπορον
961 2008 1069 2097 πάντη

104 2110 358 2198 προσφέρεσθαι
375 2107 436 2196 τὴν
454 2104 572 2198 άκραν.
611 2107 696 2198 πρός
713 2109 835 2197 μὲνδὴ
853 2124 925 2190 ταῖς
944 2117 1066 2180 Κελαι-
1085 2123 1102 2173 3

67 2239 91 2279 ει
103 2226 181 2290 ναῖς
206 2209 364 2298 φυλακην
387 2216 576 2278 καταλείπει
600 2209 800 2297 στρατιώτας
819 2214 852 2290 ἐς
869 2218 995 2299 χιλίους
1012 2213 1068 2280 καὶ

104 2317 356 2392 πεντακοσίους.
395 2319 513 2400 μείνας
545 2309 583 2378 δέ
615 2307 722 2378 αύτού
753 2305 878 2402 ἡμέρας
906 2311 987 2381 δέκα
1012 2313 1068 2380 καὶ

103 2409 279 2500 σατράπην
296 2410 475 2494 ἀποδείξας
491 2418 643 2500 Φρυγίας
657 2409 853 2497 Ἀντίγονον
865 2411 929 2482 τόν
945 2419 1068 2484 Φιλίπ-

102 2540 183 2600 που,
205 2514 259 2582 έπί
277 2513 315 2582 δὲ
331 2510 412 2592 τούς
430 2511 624 2600 συμμάχους
642 2508 717 2580 ἄντ’
738 2515 868 2582 ἐκείνου
882 2512 1069 2603 στρατηγόν

102 2615 283 2703 Βάλακρον
295 2612 355 2682 τόν
370 2611 537 2702 Ἀμύντου
553 2612 715 2698 ἐπιτάξας,
734 2609 836 2694 αύτός
851 2615 906 2682 ἐπὶ
920 2621 1067 2701 Γορδίου

64 2743 89 2784 25
104 2717 285 2785 ἐστέλλετο.
319 2715 376 2782 καὶ
393 2719 609 2802 Παρμενίωνι
627 2715 831 2801 ἐπέστειλεν,
856 2713 982 2800 άγοντα
999 2715 1068 2803 ἅμα

102 2813 194 2886 οἷ
102 2844 219 2903 οτην
239 2814 383 2904 δύναμιν
399 2812 538 2884 ἐκεῖσε’
518 2819 686 2882 απαυτάν
722 2812 814 2882 καῖ’
795 2839 926 2902 αιιηντα
944 2815 1007 2895 ξύν
1024 2821 1067 2906 τῇ

102 2916 470 3006 δυνάμειΠαρμενίων.
497 2915 553 2983 καὶ
567 2919 602 2984 οί
612 2940 769 3002 νεογαμοι
782 2914 851 2984 δέ
854 2915 935 2983 ἐπὶ
949 2926 1067 2985 Μακε
1084 2928 1102 2979 4

102 3023 219 3099 δονίας
244 3018 417 3098 σταλέντες
442 3023 491 3097 είς
510 3007 699 3106 Γόρδιον
676 3041 761 3102 ηκον
784 3016 841 3084 καὶ
864 3015 928 3098 ξύν
953 3011 1067 3099 αύτοῖς

102 3118 189 3207 άλλη
208 3117 344 3210 στρατιά
362 3115 655 3206 καταλεχθεῖσα,
634 3144 677 3204 ην
694 3143 755 3204 ηγε
770 3117 977 3206 Πτολεμαῖός
994 3145 1030 3188 τε
1048 3116 1065 3188 ὁ

62 3246 88 3288 ιο
102 3221 278 3292 Σελεύκου
302 3220 359 3290 καί
383 3217 546 3299 Κοῖνος“
530 3246 547 3287 ο
572 3217 850 3310 Πολεμοκράτους
873 3220 929 3288 καὶ
953 3219 1067 3291 Μελέ-

103 3349 208 3413 αγρος
232 3318 250 3390 ὁ
276 3323 530 3410 Νεοπτολέμου,
557 3321 647 3402 πεζοὶ
670 3319 732 3407 μὲν
756 3320 954 3400 Μακεδόνες
977 3347 1066 3408 τρις-

100 3429 201 3512 χίλιοι
246 3427 359 3502 ίππεῖς
395 3421 433 3490 δὲ
469 3423 502 3502 ἐς
537 3427 750 3511 τριακοσίους
788 3421 845 3490 καὶ
885 3425 1067 3490 Θεσσαλῶν
