2620 3924
473 140 661 194 ΑΝΑΒΑΣΙΣ
677 145 707 206 4,
727 146 750 195 7.
1033 146 1094 209 159

126 299 372 387 Φραταφέρνης
420 323 456 367 τε
503 290 522 366 ό
565 307 780 386 Παρθυαίων
823 300 993 390 σατράπης
1036 307 1093 371 καὶ

126 397 316 489 Στασάνωρ
343 391 361 467 ὁ
391 400 424 478 ές
439 396 588 487 Ἀρείους
606 399 841 490 ἀποπεμφθεὶς
864 399 910 482 ὥς
924 400 1093 491 Ἀρσάμην

125 498 395 586 συλληψόμενος,
420 497 481 567 τόν
507 525 544 567 τε
567 497 735 589 Ἀρσάμην
757 503 938 590 δεδεμένον
955 501 1093 588 άγοντες

124 601 180 668 καὶ
198 595 387 691 Βαρζάνην,
412 596 529 668 ὅντινα
549 605 683 687 Βῆσσος
704 603 763 688 τῆς
789 609 1004 692 Παρθυαίων
1031 627 1093 672 σα-

97 700 256 788 ετράπην
283 701 472 790 κατέστησε,
499 707 560 770 καί
582 728 674 782 τινας
699 700 824 782 άλλονς
849 707 920 772 τάν
938 704 1013 772 τότε
1030 705 1093 786 ξόν

122 801 246 894 Βήσσςο
277 797 509 870 ἀποστάντων.
562 791 645 888 ῆκον
671 801 709 871 δὲ
737 805 773 870 έν
798 806 848 894 τῷ
875 801 968 895 αὐτῷ
993 804 1126 874 ἀἰπύ-2

122 909 235 982 κιλλος
273 903 331 972 καὶ
370 907 591 988 Μελαμνίδας
626 903 683 970 καὶ
722 910 931 992 Πτολεμαῖος
971 902 988 972 6
1024 911 1092 974 τῶν

125 1006 271 1093 Θρᾳκῶν
298 1001 482 1092 στρατηγός
509 1000 574 1072 άπὸ
600 1003 786 1092 θαλάσσης,
820 1011 857 1074 οδ
878 1003 921 1072 τά
946 1032 981 1073 τε
1007 1005 1090 1093 χρή-

122 1129 211 1191 ματα
229 1102 270 1172 τά
286 1102 350 1182 ξόν
359 1103 492 1190 Μένητι
506 1105 703 1192 πεμφθέντα
721 1104 778 1172 καὶ
795 1104 877 1184 τούς
896 1103 1091 1192 ξυμμάχους

83 1223 110 1263 10
125 1201 170 1284 ὥς
204 1205 260 1272 ἐπὶ
290 1203 469 1272 θάλασσαν
502 1205 702 1290 κατήγαγον.
761 1205 818 1272 καὶ
833 1203 1023 1293 ’Ἀσανδρος
1054 1206 1093 1276 δέ

124 1308 162 1374 έν
195 1303 306 1395 τοότςο
338 1296 399 1392 ῆκε
434 1305 492 1372 καί
525 1307 698 1393 Νέαρχος,
737 1304 895 1394 στρατιάν
924 1303 1092 1393 Ἑλλήνων

123 1403 345 1494 μισθοφόρων
383 1403 541 1493 άγοντες,
582 1407 640 1474 καὶ
676 1399 962 1495 Ἀσκληπιόδωρός
1000 1431 1035 1475 τε
1073 1406 1092 1476 6

125 1510 259 1594 Συρίας
286 1503 457 1595 σατράπης
482 1507 540 1576 καὶ
567 1505 686 1594 Μένης
712 1499 730 1574 6
757 1503 909 1596 ὕπαρχος
935 1504 1001 1575 άπδ
1024 1517 1092 1576 θα-

124 1605 265 1694 λάσσης,
291 1606 349 1674 καὶ
375 1599 471 1676 οὗτοι
497 1605 656 1696 στρατιάν
683 1603 831 1693 άγοντες.

90 1722 115 1764 1⁵
189 1704 299 1778 ”6166
317 1704 360 1793 66
377 1705 579 1793 ξάλλογον’
562 1734 598 1776 εκ
615 1711 685 1776 τῶν
698 1707 876 1834 παρόντων
889 1708 1091 1795 ξυναγαγών
1109 1721 1125 1769 3

118 1805 339 1930 Ἀλέξανδρος
378 1805 575 1896 παρήγαγεν
614 1809 648 1888 ές
680 1802 807 1888 αάτοδς
839 1811 990 1895 Βῆσσον·
1036 1810 1091 1876 καὶ

123 1906 353 1998 κατηγορήσας
384 1907 446 1996 τῆν
472 1913 623 1998 Δαρείου
650 1912 837 1996 προδοσίαν
862 1908 925 1996 τήν
950 1934 985 1976 τε
1012 1911 1092 1996 ῥῖνα

87 2007 260 2134 Βήσσου
286 2002 526 2097 άποτμηθῆναι
551 2010 608 2078 καὶ
634 2008 675 2076 τά
703 1997 771 2078 666
797 2007 883 2098 άκρα
904 2009 1092 2096 ἐκέλευσεν,

87 2107 233 2178 αὐτόν
264 2109 303 2178 δὲ
336 2111 370 2190 ές
401 2107 594 2196 Ἐκβάτανα
613 2107 776 2198 ἄγεσθαι,
812 2109 857 2190 οδς
885 2112 956 2180 ἐκεῖ
980 2111 1017 2178 έν
1042 2113 1093 2200 τῷ

84 2235 110 2276 νο
126 2208 259 2298 Μήδων
291 2235 327 2280 τε
358 2211 417 2278 καί
443 2215 589 2298 Περσων
615 2209 770 2303 ξυλλόγῳ
797 2207 1089 2298 ἀποθανούμενον.

123 2313 182 2380 καὶ
209 2308 274 2396 ίγοδ
302 2307 382 2378 οὔτε
413 2309 474 2398 τήν
500 2309 588 2398 άγαν
614 2309 742 2398 ταάτην
767 2317 929 2402 τιμωρίαν
955 2309 1125 2398 Βήσσου4

125 2413 264 2498 ἐπαινῶ,
291 2408 376 2478 άλλά
403 2410 611 2500 βαρβαρικόν
639 2409 725 2480 εἶναι
741 2417 876 2500 τίθεμαι
892 2414 960 2480 τῶν
977 2407 1091 2498 6696-

123 2519 250 2600 τηρίων
288 2507 349 2599 τῆν
388 2511 502 2602 λάβην
542 2513 600 2582 καί
636 2509 834 2600 ὑπαχθῆναι
870 2509 1092 2598 Ἀλέξανδρον

124 2611 275 2700 ξόμφημι
307 2615 340 2692 ές
377 2615 475 2700 ζῆλον
501 2619 564 2684 τοῦ
591 2617 750 2699 Μηδικοῦ
776 2614 894 2682 τεκαὶ
921 2617 1091 2702 Περσικοῦ

85 2736 111 2776 νε
125 2712 276 2782 πλούτου
308 2714 366 2780 καὶ
399 2719 459 2800 τῆς
490 2711 574 2782 κατά
606 2712 686 2792 τούς
718 2713 910 2802 βαρβάρους
936 2713 1092 2802 βασιλέας

125 2811 190 2883 066
218 2824 290 2900 ίσης
317 2816 351 2893 ές
376 2813 457 2895 τοδς
474 2811 649 2904 ὑπηκόους
667 2813 937 2900 ξυνδιαιτήσεως,
965 2811 1093 2900 ἐσθῆτά

124 2940 161 2983 τε
187 2911 238 2984 ὅτι
264 2913 425 3002 Μηδικήν
451 2913 529 2987 ἀντὶ
554 2917 613 3004 τῆς
640 2917 874 3002 Μακεδονικῆς
896 2915 1006 2983 τεκαὶ
1025 2937 1091 2981 πα*

124 3019 220 3102 τρίου
243 3014 460 3106 Ἡρακλείδης
488 3013 537 3085 ιδν
562 3016 760 3104 μετέλαβεν,
793 3011 927 3103 οὐδαμῆ
954 3017 1092 3100 ἐπαινῶ,

124 3116 181 3186 καί
212 3114 274 3204 τήν
306 3122 437 3204 κίταριν
468 3119 530 3205 τῆν
562 3113 734 3206 Περσικήν
765 3119 834 3186 τῶν
866 3119 1093 3205 νενικημένων

89 3239 114 3282 εο
127 3213 205 3286 ἀντὶ
232 3209 281 3285 66
307 3216 411 3298 αὐτὸς
438 3216 455 3286 δ
483 3221 587 3286 νικῶν
613 3216 715 3286 πάλαι
742 3215 857 3306 ἐφόρει
874 3214 1011 3304 άμεῖιγαι
1028 3213 1093 3286 οόκ

126 3319 311 3406 ἐπῃδέσθη,
354 3315 460 3389 οὐδὲν
490 3317 620 3388 τούτων
654 3320 789 3405 ε’παινῶ,
825 3311 898 3386 ἀλλ’
936 3327 1029 3408 είπερ
1063 3338 1127 3386 τιο

124 3415 221 3506 άλλο,
258 3421 315 3488 καὶ
349 3417 391 3488 τά
423 3414 646 3506 Ἀλεξάνδρου
686 3417 815 3506 μεγάλα
847 3417 1026 3507 πράγματα
1059 3420 1093 3497 ἐς
