2620 3924
222 155 284 222 106
418 161 421 166 '
575 157 827 215 ΑΛΕΞΑΝΔΡΟΤ

221 297 330 385 τάχδη
351 296 471 366 ἑκατὸν
487 301 574 378 ναῦς
591 296 694 378 άλλας
712 298 797 386 πρὸς
814 293 869 377 αἷς
885 303 1005 384 ἔχοντα
1019 297 1183 388 ’Λμφοτε·

222 399 284 487 ρδν
303 405 426 485 ἔπεμπε
444 401 592 468 στέλλειν
611 402 666 468 ἐπὶ
686 399 959 486 Πελοποννήσου.

186 523 205 573 4
298 497 412 578 Αύτδς
436 499 474 568 δὲ
496 497 559 587 ἤδη
577 498 648 568 άνω
672 499 807 589 οδρμᾶτο
825 498 871 580 ιδς
890 502 945 568 ἐπὶ
965 499 1129 580 Θάψακόν
1145 529 1182 570 τε

221 601 279 668 καί
296 601 358 667 τὸν
372 598 559 688 Εὐφράτην
573 601 737 688 ποταμόν,
756 605 792 670 έν
808 609 950 688 Φοινίκῃ
964 600 1027 687 μὲν
1042 602 1097 670 έπλ
1111 603 1180 669 τῶν

222 700 340 789 φόρων
353 704 395 788 τῇ
415 703 562 790 ξυλλογῇ
581 702 789 790 καταστήσας
804 709 976 790 Κοίρανον
990 709 1180 789 Βεροιαῖον,
1206 732 1222 773 ε

223 802 405 882 Φιλόξενον
429 801 467 870 δὲ
491 805 551 889 τῆς
572 801 686 882 Ἀσίας
708 803 749 870 τά
771 804 826 872 ἐπὶ
849 802 929 870 τάδε
950 807 1011 870 τοῦ
1042 803 1179 890 Ταύρου

223 905 377 990 ἐκλέγειν.
409 905 478 970 τῶν
497 902 560 982 ξύν
578 902 671 995 αύτῷ
691 903 728 973 δὲ
746 902 926 992 χρημάτων
943 901 1005 989 τὴν
1023 902 1180 990 φυλακὴν

220 1002 298 1072 άντὶ
316 1003 448 1072 τούτων
467 1005 647 1093 ἐπέτρεψεν
662 1003 818 1095 Ἁρπάλῳ
831 1006 879 1094 τῷ
893 1003 1040 1089 Μαχάτα
1054 1002 1129 1092 άρτι
1143 1007 1180 1072 έκ

187 1107 279 1190 στῆς
305 1105 417 1190 φυγῆς
443 1101 565 1190 ἥκοντι.
607 1103 778 1193 ’Ἅρπαλος
803 1104 870 1194 γάρ
901 1102 943 1171 τά
969 1103 1031 1198 μὲν
1063 1107 1181 1192 πρῶτα

222 1209 339 1291 ἔφυγε,
359 1211 531 1274 Φιλίππου
557 1212 605 1274 ἔτι
627 1206 883 1293 βασιλεύοντος,
909 1201 960 1272 ὅτι
985 1205 1102 1283 πιστδς
1124 1196 1180 1291 ᾖν,
1194 1233 1221 1273 ιο

219 1309 277 1373 καί
304 1314 513 1393 Πτολεμαῖος
536 1305 555 1374 ὁ
578 1306 697 1392 Λάγου
724 1308 778 1374 ἐπὶ
801 1310 849 1396 τῷ
874 1303 968 1395 αύτῷ
995 1309 1101 1391 ἔφυγε
1123 1307 1180 1373 καί

221 1409 375 1496 Νέαρχος
393 1405 412 1475 ὁ
428 1406 649 1495 Ἀνδροτίμου
663 1408 720 1474 καὶ
734 1405 901 1495 Ἐρίγυιος
918 1403 937 1472 ὁ
952 1412 1104 1494 Λαρίχου
1123 1407 1180 1474 καί

219 1510 406 1592 Λαομέδων
430 1505 449 1574 δ
472 1508 596 1576 τούτου
621 1506 784 1594 ἀδελφός,
809 1504 860 1574 ὅτι
876 1504 1012 1574 ὕποπτα
1029 1497 1072 1592 ἦν
1090 1514 1179 1576 Αλε-

220 1607 355 1697 ξάνδρςο
388 1610 421 1686 ές
447 1615 635 1695 Φίλιππον,
668 1608 779 1694 ἐπειδὴ
805 1606 1004 1695 Εὐρυδίκην
1030 1623 1178 1692 γυναῖκα

219 1705 363 1792 ἠγάγετο
383 1715 568 1794 Φίλιππος,
589 1707 799 1795 Ὀλυμπιάδα
824 1707 861 1776 δέ
878 1707 940 1794 τὴν
954 1705 1177 1795 Ἀλεξάνδρου
1191 1735 1218 1778 ιε

184 1827 201 1874 ε
219 1811 344 1895 μητέρα
362 1807 510 1895 ἠτίμασε.
534 1809 794 1896 τελευτήσαντος
812 1807 850 1876 δὲ
869 1815 1041 1876 Φιλίππου
1059 1816 1179 1876 κατελ-

217 1908 346 1986 θόντας
365 1907 432 1975 άπδ
457 1912 516 1994 τῆς
537 1912 649 1995 φυγῆς
663 1907 733 1978 ὅσοι
748 1907 787 1977 δι’
803 1907 910 1976 αύτδν
926 1913 1072 1994 ἔφευγον
1086 1917 1179 1978 Πτο-

218 2016 357 2096 λεμαῖον
369 2007 432 2095 μὲν
447 2009 718 2095 σωματοφύλακα
731 2005 1128 2096 κατέσπησεν,”Λρπαλον
1142 2008 1180 2077 δὲ

220 2111 276 2176 ἐπὶ
293 2113 363 2176 τῶν
380 2109 571 2196 χρημάτων,
589 2107 640 2176 ὅτι
652 2107 745 2199 αύτῷ
759 2109 797 2176 τό
817 2111 913 2196 σῶμα
928 2111 962 2188 ἐς
978 2109 1020 2176 τά
1039 2111 1179 2196 πολέμια

216 2208 354 2297 άχρὲίου
370 2200 432 2294 ἦν,
453 2208 622 2297 Ἐρίγυιον
646 2208 684 2277 δὲ
705 2209 876 2298 ίππάρχην
894 2213 963 2278 τῶν
981 2210 1176 2297 ξυμμάχων,
1190 2235 1217 2278 ιο

217 2311 435 2396 Λαομέδοντα
453 2308 492 2377 δὲ
508 2308 569 2376 τὸν
587 2309 710 2378 τούτου
728 2309 896 2397 άδελφόν,
922 2307 973 2378 ὅτι
990 2315 1177 2395 δίγλωσσος

216 2401 260 2494 ἦν
279 2413 312 2488 ές
329 2409 370 2477 τά
391 2409 580 2498 βαρβαρικά
604 2410 802 2499 γράμματα,
828 2413 884 2480 ἐπὶ
907 2425 978 2490 τοῖς
1003 2411 1177 2497 αίχμαλύ-

207 2537 285 2589 τοις
299 2510 495 2598 βαρβάροις,
514 2513 671 2600 Νέαρχον
686 2511 724 2580 δὲ
737 2510 960 2599 σατραπεύειν
974 2518 1106 2589 Λυκίας
1118 2512 1177 2578 καὶ

216 2613 274 2696 τῆς
294 2611 451 2697 ἐχομένης
466 2620 597 2691 Λυκίας
611 2611 721 2700 χώρας
738 2618 810 2681 ἔστε
830 2614 886 2680 έπλ
902 2610 964 2679 τδν
986 2615 1121 2698 Ταύρου
1137 2610 1176 2678 τὸ

182 2708 303 2798 τόρος.
340 2703 458 2796 ὀλίγον
483 2711 521 2780 δὲ
546 2713 699 2799 πρόσθεν
724 2716 783 2798 τῆς
807 2713 914 2800 μάχης
938 2715 997 2798 τῆς
1023 2714 1059 2779 ἐν
1081 2709 1176 2800 Ἰσσῷ
1191 2735 1218 2778 ιε

216 2811 397 2898 γενομένης
427 2810 643 2891 άναπεισδεὶς
682 2812 766 2900 πρὸς
803 2821 1015 2900 Ταυρίσκου,
1051 2809 1178 2900 ἀνδρὸς

216 2914 341 3006 κακοῦ,
357 2909 528 3002 ’Ἅρπαλος
548 2912 666 2999 φεύγει
689 2912 752 2992 ξύν
776 2919 964 3003 Ταυρίσκῳ.
1001 2914 1059 2980 καὶ
1077 2911 1096 2979 δ
1115 2911 1178 3000 μὲν

222 3019 410 3100 Ταυρίσκος
441 3011 515 3099 παρ’
545 3010 767 3099 Ἀλέξανδρον
804 3013 865 3080 τόν
898 3012 1106 3101 Ἠπειρώτην
1144 3015 1179 3092 ές
1298 3091 1299 3104 ¹

210 3109 355 3182 Ἰταλίαν
370 3113 502 3190 σταλεὶς
517 3114 587 3180 έκεί
600 3113 829 3199 ἐτελεύτησεν·
852 3110 1008 3204 ’Λρπάλφ
1022 3113 1061 3182 δὲ
1079 3116 1117 3182 έν
1134 3115 1177 3201 τῇ

215 3215 386 3299 Μεγαρίδι
398 3209 419 3299 ἡ
433 3211 527 3298 φυγὴ
547 3203 597 3299 ἦν.
626 3211 695 3281 ἀλλ’
708 3211 927 3302 Ἀλέξανδρος
941 3223 1052 3284 πείθει
1069 3211 1178 3284 αύτδν
1191 3237 1219 3282 ιο

214 3319 410 3399 κατελθεῖν,
433 3320 560 3392 πίστεις
578 3313 661 3390 δούς
679 3312 782 3382 ούδέυ
801 3319 838 3382 οί
851 3332 947 3401 μεῖον
967 3321 1103 3384 ἔσεσθαι
1122 3316 1178 3382 ἐπὶ

210 3425 252 3500 τῇ
283 3405 396 3496 φυγῇ·
423 3412 505 3481 οὐδὲ
525 3414 655 3498 ἐγένετο
674 3413 916 3502 ἐπανελθόντι,
942 3413 1011 3482 ἀλλ’
1035 3417 1179 3484 ἐπὶτῶν
