2546 3920
445 113 629 166 ευιεεειε
648 116 674 177 τ,
692 115 733 166 εο.
1009 111 1070 178 321

103 270 142 339 τὸ
168 269 206 340 δὲ
228 266 380 359 Ἰκάριον.
423 267 443 388 ή
471 269 553 338 δε’
537 269 631 358 ετέρα
649 275 752 357 νῆσος
771 263 906 357 ἀπέχειν
923 297 986 357 μεν
1003 267 1106 340 άπὸο

103 375 165 440 τοῦ
192 370 352 458 στόματος
378 374 439 438 τοῦ
468 369 652 496 Εὐφράτου
689 372 821 456 ἐλέγετο
853 369 936 438 ὅσον
961 378 1073 440 πλοῦν

105 471 229 560 ἡμέρας
256 473 313 540 καὶ
330 471 453 550 νυκτὸς
478 470 552 538 κατ’
582 461 687 559 οῦρον
704 470 834 559 θεοῦση
853 477 937 560 νηΐ·
965 473 1074 552 Τῦλος

107 571 144 640 δε
177 571 267 660 αὐτῇ
301 569 436 640 εἶναι’
418 590 538 692 ονομα·
579 571 713 659 μεγάλη
734 570 772 640 δε
799 571 1030 640 εἶναικαὶ
995 572 1074 640 οῦτε

76 686 242 761 ετραχεῖα
268 670 288 759 ἡ
317 670 422 758 πολλή
450 669 529 740 οῦτε
555 669 704 760 ῦλοέδης,
731 669 807 740 ἀλλ’
837 676 893 742 οἵα
919 673 1074 762 καρπούς

106 799 142 840 τε
167 771 314 864 ἡμέρους
344 773 496 861 ἐκφέρειν
523 773 580 841 καὶ
607 773 717 842 πάντα
745 769 863 861 ὡραῖα.
948 829 952 836 .

188 874 293 942 Ταυτὶ
336 867 534 960 ἀπηγγέλθη
565 871 773 964 Ἀλεξάνδρῳ
812 873 866 949 τά,
890 872 954 961 μέν
989 873 1108 963 πρόςλ

103 971 252 1062 Ἀρχίου,
279 971 316 1054 ὃς
343 972 406 1056 ξῦν
429 973 656 1067 τριακοντόρῳ
677 975 880 1062 ἐκπεμφθεὶς
899 974 953 1042 ε’πὶ
971 1001 1074 1042 κοιτα-

108 1077 218 1162 σκοπή
236 1078 298 1142 τοῦ
317 1071 495 1164 παράπλου
513 1079 575 1141 τοῦ
595 1069 641 1154 ἀς
661 1074 715 1146 ἐπὶ
729 1071 962 1162 τοῦς”Αραβας
979 1076 1076 1162 μέχρι

69 1205 93 1243 ιο
106 1173 171 1263 μέν
183 1176 241 1261 τής
259 1171 366 1262 νήσου
384 1180 444 1260 τής
465 1173 578 1256 Τάλον
592 1167 710 1262 ήλθεν,
729 1175 766 1242 τὸ
782 1173 898 1264 πρόσω
912 1173 949 1244 δέ
963 1173 1076 1242 οῦκέτι

106 1281 339 1364 περαιωθῆναι
358 1273 551 1362 ἐτόλμησεν·
584 1273 829 1364 Ἀνδροσθένης
849 1275 886 1344 δέ
904 1275 968 1356 ξῦν
986 1272 1073 1363 άλλη
1104 1329 1107 1334 .

106 1376 333 1468 τριακοντόρῳ
369 1378 501 1458 σταλεὶς
533 1378 590 1446 καλ
617 1381 674 1463 της
701 1375 909 1465 χερρονήσου
943 1400 975 1442 τι
1005 1381 1075 1444 τῶν

103 1472 258 1566 Ἀράβων
291 1477 515 1564 παρέπλευσε·
555 1477 758 1565 μακροτάτω
785 1475 823 1544 δὲ
854 1481 922 1544 νῦν
953 1478 1075 1564 ἐκπεμ-

107 1577 268 1664 φθέντων
278 1576 520 1666 προύχώρησεν
531 1575 668 1666 Ἱέρωνὸ
681 1569 839 1656 Σολεῦςὸ
856 1577 1075 1666 κυβερνήτης,

69 1679 225 1766 τελαβέιν
258 1679 314 1746 καὶ
348 1667 446 1757 οὗτος
473 1675 553 1766 παρ’
579 1677 799 1766 Ἀλεξάνδρου
825 1678 1074 1766 τριακόντορον.

107 1769 152 1865 ἦν
177 1777 240 1865 μέν
267 1779 332 1867 γάρ
356 1777 449 1869 αὐτῷ
467 1781 757 1866 προστεταγμένον
775 1783 996 1866 περιπλεῦσαι
1013 1778 1075 1864 τήν
1094 1784 1109 1834 8

107 1879 314 1970 χερρόνησον
332 1879 393 1966 τήν
408 1877 560 1967 Ἀράβων
579 1888 691 1948 πᾶσαν
711 1885 783 1947 ἔστε
803 1880 857 1946 έπλ
875 1878 935 1948 τόν
949 1877 1076 1946 κόλπον

107 1981 170 2048 τόν
187 1979 272 2068 πρὸς
287 1978 453 2070 Αἰγῦπτῳ
479 1980 539 2048 τὸν
562 1977 716 2069 Ἀράβιον
742 1978 803 2047 τόν
829 1977 910 2048 καθ’
936 1977 1077 2067 Ἡριάων

110 2080 227 2149 πόλιν·
255 2077 296 2149 οῦ
316 2081 383 2168 μήν
402 2079 564 2168 ἐτόλμησέ
579 2107 617 2166 γε
634 2079 671 2148 τδ
690 2078 807 2169 πρόσω
826 2081 952 2166 ἐλθεῖν,
970 2085 1078 2148 καίτοι

68 2183 168 2250 τοέπὶ
199 2181 287 2249 πολι)
321 2181 563 2270 παραπλεύσας
596 2181 656 2269 τὴν
685 2179 837 2269 Ἀράβων
870 2185 952 2267 γῆν·
999 2177 1073 2249 ἀλλ’

110 2281 323 2368 ἀναστρέψας
349 2281 415 2370 γάρ
439 2281 517 2372 παρ’
535 2277 756 2370 Ἀλέξανδρον
776 2281 941 2369 ἐξήγγειλε
958 2279 996 2350 τό
1015 2281 1076 2368 μέ-

110 2381 212 2468 γεθός
238 2409 273 2450 τε
304 2387 363 2470 τής
389 2383 595 2473 χερρονήσου
621 2381 823 2470 θαυμαστόν
849 2409 880 2450 τι
907 2380 1077 2450 εἶναικαὶ

110 2481 192 2550 ὅσον
219 2479 259 2550 οῦ
288 2481 375 2550 πολῦ
403 2483 551 2552 ἀποδέον
577 2487 635 2570 τῆς
658 2479 776 2552 Ἰνδῦν
802 2485 881 2569 γῆς,
909 2481 1015 2570 ἀκραν
1041 2508 1077 2552 τε

113 2578 243 2668 ἀνέχειν
270 2583 325 2650 ἐπὶ
352 2582 439 2652 πολά
467 2589 526 2671 τής
552 2583 698 2670 μεγάλης
724 2584 914 2670 θαλάσσης·
958 2579 1002 2670 ἣν
1029 2581 1109 2670 δήν

70 2683 169 2750 τεκαὶ
195 2681 276 2760 τοῦς
294 2681 366 2762 ξῦν
393 2682 538 2772 Νεάρχῳ
561 2682 627 2750 ἀπὸ
652 2688 711 2768 τῆς
734 2681 874 2768 Ἰνδικῆς
902 2683 1077 2768 πλέοντας,

112 2784 195 2871 πρὶν
222 2782 406 2869 ἐπικάμψαι
432 2785 466 2863 ἐς
491 2783 550 2852 τόν
578 2783 703 2850 κόλπον
738 2781 799 2851 τόν
825 2783 1007 2870 Περσχκόν,
1034 2782 1075 2850 οῦ

112 2883 228 2973 πόρρω
246 2881 488 2952 ἀνατείνουσαν
508 2887 595 2952 ἰδεῖν
613 2910 648 2952 τε
661 2883 717 2952 καὶ
732 2881 811 2972 παρ’
831 2881 948 2968 ὀλίγον
963 2885 1077 2952 ἐλθεῖν

112 2989 285 3073 διαβαλεῖν
313 2987 346 3064 ἐς
365 2981 483 3072 αῦτήν,
510 2982 590 3054 καῖ’
590 2991 851 3074 Ονησικρῖτῳ
819 3010 872 3052 τω
854 2983 1076 3074 κνβερνήτη

110 3085 218 3174 ταῦτη
260 3089 401 3154 δοκοῦν·
455 3083 540 3154 ἀλλά
574 3085 727 3174 Νέαρχος
760 3085 849 3170 λέγει
884 3082 935 3152 ότι
975 3083 1078 3208 αῦτρς

68 3187 333 3274 εοδιεκσέλυσεν,
374 3213 418 3266 ως
462 3184 724 3274 ἐκπεριπλεύσας
759 3185 819 3254 τὸν
853 3163 982 3255 κολπον
1016 3185 1077 3254 τόν

112 3286 281 3413 Περσικόν
312 3289 379 3374 ἐχοι
411 3285 612 3373 ἀπαγγεῖλαι
633 3285 842 3379 Ἀλεξάνδρῳ
877 3286 935 3374 ἐφ’,
962 3282 1078 3366 οἷςτισι

111 3388 194 3477 πρὸς
221 3385 329 3456 αῦτοῦ
359 3387 496 3476 ἐστάλη
530 3386 569 3456 οῦ
597 3389 662 3478 γάρ
691 3390 744 3457 ἐπὶ
770 3414 817 3479 τῳ
846 3392 990 3458 πλεῦσαι
1015 3385 1077 3474 τήν
1096 3400 1129 3452 10

182 3506 313 3549 Annum.
835 3503 867 3550 21
