2632 3922
232 119 295 184 262
592 115 843 176 unt-:Amor

233 282 337 346 πεδον
375 276 429 345 ἐπὶ
460 289 535 356 ταῖς
568 275 753 364 ξυμβολαῖς
777 279 841 342 τοῦ
866 299 903 344 τε
924 271 1115 365 Ῥδραάτου
1142 276 1202 344 καὶ

232 383 295 448 τοῦ
310 377 496 464 Ἀκεσίνου,
524 380 581 446 ἵνα
595 373 800 464 Ἡφαιστίων
826 400 863 444 τε
890 376 945 444 ἐπὶ
962 379 1021 463 τῆς
1039 378 1201 463 στρατιᾶς
1287 369 1288 372 “

233 469 276 566 ἦν
302 479 359 548 καί
376 479 530 568 Νέαρχος
556 475 594 546 τό
611 476 773 548 ναυτικὸν
799 473 893 567 αύτῷ
911 473 1026 564 εἶχεν),
1054 475 1101 556 οἱς
1120 477 1201 545 ἐπέ-

233 588 328 662 λαζεν
353 578 374 667 ή
400 585 486 659 ναῦς
511 574 577 665 ήδη
602 578 884 670 τῷστρατοπέδῳ
900 577 961 645 τὸν
977 579 1117 664 βασιλέα
1134 577 1200 664 φέ-

234 701 359 770 ρουσα,
392 678 520 750 κελεύει
550 677 592 766 δή
625 676 763 766 άφελείν
794 676 858 764 τήν
891 678 1019 765 σκηνήν
1044 676 1112 746 άπδ
1139 679 1224 764 τήςε
1287 707 1288 721 ¹

199 782 408 870 επρύμνης,
442 777 488 862 άς
522 779 718 868 καταφανής
752 775 839 848 εἶναι
864 783 974 848 πᾶσιν.
1026 784 1063 848 οδ
1086 778 1126 848 δὲ
1152 785 1202 848 ἔτι
1287 799 1288 806 ’

219 881 418 970 Ιήπίστουν,
447 879 493 962 οἱς
519 886 644 971 νεκρού
669 883 777 967 δῆθεν
802 881 1018 967 κομιζομένου
1041 877 1200 960 Ἀλεξάν-

234 988 331 1074 δρου,
360 989 442 1070 πρίν
468 1009 507 1068 γε
534 981 576 1068 δή
603 979 837 1070 προσσχούσης
863 986 923 1068 τῆς
945 982 1031 1060 νεύς
1047 983 1088 1070 πή
1108 979 1200 1070 ὄχθη

234 1079 252 1152 ὁ
279 1082 341 1172 μὲν
366 1081 429 1170 τήν
454 1096 550 1173 χείρα
583 1079 752 1153 άνέτεινεν
779 1083 813 1162 ἐς
844 1082 882 1150 τὸ
910 1087 1054 1170 πλῆθος·
1099 1086 1138 1150 οί
1161 1081 1203 1150 δέ
1287 1151 1288 1178 1

233 1180 435 1272 ἀνεβόησαν,
464 1185 497 1264 ἐς
522 1185 582 1253 τὸν
599 1181 749 1273 ούρανὸν
767 1181 969 1271 άνυσχύντες
995 1181 1053 1262 τοὶς
1071 1195 1200 1272 χεῖρας,
1214 1207 1238 1247 ιο

231 1290 270 1356 οί
300 1283 338 1355 δὲ
370 1285 455 1374 πρὸς
488 1282 595 1354 αύτόν
618 1281 866 1374 Ἀλέξανδρον-
908 1291 1044 1363 πολλοῑς
1077 1281 1116 1352 δέ
1142 1286 1203 1352 καὶ

234 1387 367 1476 δάκρυα
394 1388 449 1455 ἐπὶ
475 1389 525 1476 τῷ
541 1383 729 1478 ἀνελπίστῳ
753 1382 926 1474 προεχύθη
952 1381 1101 1454 ἀκούσια.
1144 1385 1204 1453 καί

234 1493 269 1555 οί
292 1487 355 1574 μὲν
381 1489 450 1554 τάν
476 1480 699 1556 ὑπασπιστῶν
725 1493 845 1574 κλίνην
866 1485 1077 1574 προσέφερον
1103 1483 1202 1576 αύτῷ

199 1587 472 1678 δέκκομιζομίνφ
500 1589 537 1656 ἐκ
553 1593 612 1674 τής
638 1585 738 1666 νεύς·
775 1585 794 1656 ὁ
820 1585 859 1656 δέ
882 1585 943 1654 τὸν
969 1591 1074 1655 ἵππον
1091 1608 1203 1674 προσ-

233 1701 375 1774 αγαγείν
400 1687 586 1774 ἐκέλευσεν,
615 1687 659 1767 ύς
686 1687 725 1757 δὲ
752 1684 869 1774 ἐπιβάς
891 1691 953 1755 τού
971 1693 1077 1756 ίππου
1097 1685 1203 1774 ύφθη
1217 1707 1240 1748 1⁵

233 1781 353 1877 αὖθις,
384 1786 494 1880 κρύτφ
527 1786 569 1874 δή
603 1792 718 1880 πολλῷ
753 1785 981 1874 ἐπεκτύπησεν
1014 1785 1035 1874 ἡ
1063 1789 1203 1876 στρατιὰ

231 1891 341 1960 πάσα·
389 1884 560 1978 ἐπήχησαν
592 1887 631 1956 δὲ
663 1894 761 1957 αἵτε
787 1885 887 1975 ὄχθαι
911 1889 976 1956 καὶ·
993 1893 1032 1957 αί
1055 1894 1203 1974 πλησίον

234 1988 349 2060 αύτοίν
375 1990 487 2059 νάπαι
529 1985 711 2077 προσάγων
739 1987 777 2058 δέ
802 1987 866 2076 ήδη
893 1993 935 2078 τή
962 1993 1069 2079 σκηνή
1095 2015 1201 2058 κατα-

233 2099 344 2178 βαίνει
370 2087 436 2158 άπδ
464 2095 526 2158 τού
549 2094 668 2178 ἵππου,
696 2087 780 2159 ὥστε
798 2090 855 2158 καὶ
874 2095 1019 2176 βαδίζων
1037 2087 1201 2208 ὀφθῆναι.

233 2190 332 2260 oco>
360 2191 533 2359 ἐπέλαζονί
542 2189 643 2269 άλλος
669 2189 828 2276 ἄλλοθεν,
855 2194 891 2258 οί
917 2190 980 2278 μὲν
1007 2193 1185 2314 χειρων,ο
1167 2197 1239 2260 οίεο
1287 2253 1288 2257 ,

233 2291 272 2361 δὲ
298 2290 533 2378 γονάτων,οί
556 2291 678 2378 δδτής
705 2295 845 2378 ἐσθήτος
872 2289 976 2380 αύτής
1003 2285 1199 2378 άπτύμενοι
1287 2317 1288 2348 ι

235 2392 331 2462 oco}
348 2393 445 2461 καὶί
431 2396 517 2462 ἰδεῖν
537 2391 685 2479 ἐγγύθεν
702 2393 760 2462 καὶ
777 2419 810 2462 τι
827 2393 883 2461 καὶ
904 2389 1202 2481 ἐπευφημήσαντες

156 2495 160 2502 ’
234 2491 413 2562 ἀπελθεῖν·
451 2497 487 2561 οί
511 2492 549 2561 δὲ
575 2499 715 2574 ταινίαις
743 2499 897 2582 ἔβαλλον,
924 2499 960 2564 οί
983 2493 1021 2563 δὲ
1047 2492 1201 2582 ἄνθεσιν,

234 2589 296 2662 ὅσοι
323 2597 361 2664 ἐν
385 2597 433 2686 τῷ
461 2591 534 2662 τότε
559 2589 579 2682 ή
604 2591 721 2664 Ἰνδάυ
747 2600 791 2682 γῆ
817 2609 964 2685 παρεῖχε.

37 2717 65 2754 0
199 2714 217 2762 4
311 2696 465 2785 Νέαρχος
492 2693 530 2764 δέ
556 2695 645 2781 λέγει
662 2692 713 2764 ὅτι
732 2698 874 2784 χαλεποί
892 2695 986 2787 αύτῷ
1003 2697 1073 2765 τάν
1089 2703 1201 2784 φίλων
1215 2721 1238 2761 εε
1287 2739 1288 2768 ;

236 2797 391 2882 ἐγίνοντο
418 2795 492 2866 ὅσοι
519 2794 667 2880 ἐκάκιζον
694 2793 744 2864 ὅτι
761 2794 865 2877 αύτὸς
884 2796 949 2887 πρὸ
968 2802 1027 2884 τής
1046 2803 1202 2886 στρατιᾶς
1287 2791 1288 2806 ’

233 2897 441 2968 κινδυνεύοι·
475 2893 516 2965 ού
535 2893 600 2984 γάρ
627 2899 815 2986 στρατηγοῦ
842 2900 960 2985 ταῦτα,
986 2896 1070 2966 άλλά
1096 2918 1201 2988 στρα-

233 2998 352 3068 τιοίτου
379 2997 474 3067 εἶναι.
516 3002 578 3066 καί
601 3024 658 3084 μοι
675 3003 771 3068 δοκεῖ
793 2996 960 3086 ἄχθεσθαι
982 2995 1201 3089 Ἀλέξανδρος

233 3104 347 3167 τοῖσδε
372 3107 442 3178 τοῖς
469 3092 639 3184 λόγοις,“
620 3125 669 3166 οτι
695 3096 834 3188 ἀληθείς
859 3125 895 3170 τε
921 3098 1020 3180 ὄντας
1039 3102 1201 3186 ἐγίνωσκε

234 3201 291 3268 καὶ
319 3196 427 3267 αύτὸν
452 3192 610 3267 ύπαίτιον
636 3201 678 3288 τῇ
706 3200 895 3288 ἐπιτιμήσει.
940 3199 1034 3270 καί”
1014 3227 1103 3289 ομως
1130 3199 1239 3270 ύπὸεο
1287 3246 1288 3304 η

234 3298 358 3386 με’νους
384 3303 506 3367 τετοῦ
535 3301 571 3367 ἐν
597 3313 671 3378 ταις
697 3300 817 3387 μάχαις
843 3302 900 3369 καί
923 3327 984 3370 του
971 3305 1124 3390 ἔρωτος
1141 3308 1200 3389 τῆς

236 3396 346 3486 δόξης,
373 3395 527 3487 καθάπερ
554 3403 590 3466 οί
604 3395 705 3485 άλλης
723 3399 813 3480 τιυδς
830 3397 955 3486 ηδονής
975 3400 1200 3489 ἐξηττύμενοι,
