2546 3920
452 173 741 239 κατοίκηται.
952 257 956 267 ‚
1007 173 1070 239 327

103 354 182 398 πων
208 327 246 398 ἐκ
272 331 435 419 βασιλέως
453 331 602 420 μεγάλου
619 334 880 421 ἐπεσταλμένον,
907 330 1019 412 άλλως
1036 357 1072 400 τε

103 433 163 500 καὶ
189 437 280 524 κακῷ
307 430 420 521 άνδρί,
448 429 512 501 οὐκ
540 440 604 520 ἔχω
632 436 810 504 ἐπαινέσαι.
1010 433 1013 440 ’

178 529 280 601 Ἀλλά
306 532 373 620 γάρ
399 531 492 624 αὐτῷ
519 531 583 622 ῆδη
598 531 808 626 Ἀλεξάνδρῳ
836 535 939 622 ἐχχδς
965 526 1009 622 ῆν
1032 533 1070 602 τὸ
1081 537 1124 602 24

105 633 210 712 τέλος.
271 639 332 702 καί
359 659 391 701 τι
422 636 480 702 καλ
511 634 646 704 τοῖόνδε
678 633 744 724 πρδ
775 641 845 704 τῦν
878 635 1072 724 μελλόντων

63 751 78 791 5
107 735 252 821 σημῆναι
267 729 631 822 λέγειἈριστόβουλος·
650 743 877 822 καταλοχίζειν
892 735 956 823 μέν
965 734 1072 805 αὐτόν

105 833 170 921 τῆν
195 835 355 922 στρατιάν
380 835 443 922 τὴν
467 836 532 918 ξῦν
550 837 726 928 Πευκέστᾳ
743 863 779 905 τε
798 840 834 906 ἐκ
854 839 998 926 Περσῶν
1015 838 1073 905 καὶ

107 933 174 1002 άπὸ
189 935 362 1023 θαλάσσης
375 936 439 1018 ξῦν
455 937 624 1030 Φιλοξένῳ
637 939 695 1007 καὶ
709 936 907 1028 Μενάνδρῳ
920 935 1072 1024 ῆκονσαν

108 1038 142 1115 ές
167 1035 227 1116 τὰς
246 1037 483 1118 Μακεδονικὰς
508 1037 631 1119 τάξεις·
672 1039 861 1126 διψήσαντα
879 1037 917 1106 δὲ
935 1037 1072 1124 άποχω-

107 1137 205 1224 ρῆσαι
230 1139 342 1224 ἕντῆς
362 1139 461 1227 ἕδρας
479 1129 705 1208 καταλιπόντα
725 1145 848 1229 ἔρημον
864 1139 925 1208 τὸν
941 1138 1072 1226 θρόνον

66 1266 94 1306 ιο
106 1235 168 1305 τόν
201 1243 382 1324 βασίλειον.
436 1237 524 1308 εἶναι
554 1238 593 1308 δέ
619 1247 737 1318 κλίνας
766 1241 975 1328 ἑκατέρωθεν
1010 1243 1105 1308 τούκ

106 1336 238 1424 θρόνου
247 1337 502 1428 ἀργυρόποδας,
523 1335 577 1428 ἐφ’
599 1331 648 1408 ὧν
666 1345 702 1410 ολ
712 1338 796 1428 ἄμφ’
824 1337 932 1410 αὐτόν
949 1341 1074 1428 ἑταῖροι

108 1439 285 1526 ἐκάθηντο.
338 1446 408 1510 τῦν
433 1467 508 1510 τινα
535 1432 598 1510 οὖν
623 1439 840 1529 ἠμελημένων
867 1438 1072 1530 ἀνθρώπων,
1125 1486 1130 1494 -

107 1544 144 1608 οί
158 1539 197 1608 δὲ
221 1541 373 1609 καλτιῦν
400 1545 437 1611 ἐν
463 1537 601 1630 φυλακῇ
630 1539 765 1633 άδέσμῳ
792 1540 876 1610 ὅντα
903 1541 1073 1628 λέγουσιν,

109 1646 231 1728 1ἔρημον
259 1642 378 1710 ἰδόντα
394 1642 455 1711 τόν
471 1641 602 1734 θρόνον
620 1645 677 1711 καλ
696 1641 756 1722 τάς
774 1649 903 1728 κλίνας,
932 1642 1008 1732 περὶ
1025 1643 1072 1734 τῷ

67 1769 94 1808 ιι
108 1741 225 1833 θρόνῳ
252 1741 291 1810 δὲ
318 1743 495 1830 ἑστηκότας
511 1741 593 1824 τοῦς
619 1742 819 1830 εὐνούχους,
845 1743 901 1812 καὶ
927 1743 993 1832 γάρ
1016 1745 1074 1810 καλ
1156 1815 1157 1818 χ

109 1845 145 1910 οί
170 1843 295 1932 ἑταῖροι
317 1845 568 1932 ξυνανέστησαν
594 1850 641 1936 τῷ
668 1851 801 1933 βασιλεῖ
824 1842 1072 1932 ἀποχωροῦντι,

109 1942 286 2012 διελθόντα
312 1945 367 2013 διὰ
394 1949 464 2012 τάν
491 1942 666 2033 εὐνούχων
692 1943 865 2031 άναβῆναί
878 1971 914 2013 τε
940 1945 996 2013 ἐπὶ
1013 1942 1074 2012 τδν

108 2043 236 2129 θρόνον
253 2045 311 2112 καὶ
329 2047 536 2128 καθέζεσθαι.
572 2045 653 2125 τοῦς
672 2045 710 2115 δὲ
728 2043 792 2114 οὐκ
810 2042 993 2132 άναστῆσαι
1010 2043 1073 2132 μὲν
1091 2061 1107 2110 3

109 2142 215 2214 αὐτὸν
234 2146 269 2212 έκ
286 2147 348 2214 τοῦ
366 2146 497 2234 θρόνου
515 2145 600 2216 κατά
618 2145 662 2232 δή
678 2173 753 2216 τινα
765 2145 872 2233 νόμον
887 2146 1067 2234 Περσικόν·

66 2275 95 2315 το
110 2247 415 2335 περιρρηξαμένους
442 2245 481 2316 δὲ
506 2248 696 2317 τάττεσθαι
720 2245 763 2315 τά
780 2273 815 2316 τε
832 2245 940 2334 στήθη
958 2249 1015 2315 καί
1033 2246 1074 2314 τά

108 2345 272 2431 πρόσωπα
299 2344 344 2428 ῦς
372 2349 427 2417 ἐπὶ
453 2348 588 2440 μεγάλῳ
614 2351 718 2439 κακῷ.
769 2352 877 2416 ταῦτα
905 2346 950 2427 ῦς
977 2349 1071 2435 ἐξηγ-

107 2447 214 2533 χέλθη
225 2445 445 2540 Ἀλεξάνδρῳ,
458 2454 614 2518 κελεῦσαι
627 2449 881 2536 στρεβλωθῆναι
893 2445 953 2516 τόν
971 2453 1074 2516 καθί-

109 2564 227 2634 σαντα,
259 2546 386 2634 μῆποτε
413 2551 446 2630 ἐξ
474 2552 653 2638 ἐπιβουλῆς
680 2548 947 2636 ξυντεταγμένον
973 2553 1075 2617 τοῦτο

111 2651 230 2734 ἔδρασε
242 2650 372 2731 γνῶναι
391 2650 562 2718 ἐθέλοντα.
588 2649 649 2718 τόν
663 2649 700 2717 δὲ
719 2647 824 2718 οὐδὲν
837 2647 919 2718 ἄλλο
934 2651 1074 2730 ἐξειπεῖν

68 2778 96 2819 ετ
110 2743 160 2814 ὅτι
176 2745 221 2834 μῆ
241 2740 306 2816 ἐπί
322 2753 409 2817 νοῦν
429 2753 473 2818 ,οί
497 2747 601 2817 ἐλθόν
628 2746 718 2817 οῦτω
739 2750 875 2837 πρᾶξαι·
917 2740 1000 2836 ᾖδῆ
1018 2750 1075 2816 καλ

109 2849 239 2932 μάλλον
260 2847 312 2918 ἐπ’
336 2845 454 2918 οὐδενί
467 2848 589 2942 άχαθςό
604 2850 770 2937 ξυμβῆναι
783 2847 880 2940 αὐτῷ
892 2854 929 2916 οί
938 2848 1076 2937 μάντεις

110 2950 301 3035 ἐξηγοῦντο.
381 2958 382 2961 ’

181 3046 318 3138 Ἡμέραι
343 3077 379 3120 τε
404 3047 446 3119 οὐ
461 3052 606 3120 ,πολλσλ
624 3050 678 3119 ἐπὶ
704 3050 815 3143 τοῦτῳ
843 3049 998 3138 ἐγένοντο
1017 3052 1111 3120 καὶ4

35 3217 37 3222 ,
107 3151 260 3231 τεθυκάς
286 3166 356 3232 τοῖς
375 3163 470 3232 θεοῖς
496 3152 556 3232 τάς
573 3178 609 3221 τε
634 3153 852 3240 νομιζομένας
872 3157 1000 3232 θυσίας
1020 3153 1075 3221 ἐπὶ

65 3299 93 3340 30
108 3252 297 3339 ξυμφοραῖς
331 3251 480 3340 άχαθαῖς
518 3261 580 3322 καί
611 3280 704 3333 τινας
742 3253 801 3322 καί
841 3256 878 3323 ἐκ
916 3261 1076 3341 μαντείας

109 3353 265 3438 εὐωχεῖτο
298 3352 368 3442 ἅμα
399 3367 471 3433 τοῖς
505 3361 615 3442 φίλοις
648 3356 705 3423 καὶ
740 3359 831 3424 ἔπινε
864 3355 980 3443 πόρρω
1006 3358 1076 3421 τῶν

107 3460 251 3525 νυκτῦν.
291 3455 413 3525 δοῦναι
439 3453 477 3524 δὲ
503 3456 716 3542 λέγεταικαὶ
743 3458 783 3544 τῆ
812 3459 950 3545 στρατιᾷ
972 3457 1075 3544 ἱερεῖα
