2620 3924
472 166 655 218 εκεειειε
674 169 704 230 ε,
723 168 765 218 ια
991 181 993 194 ·
1053 163 1094 228 93

124 304 173 386 ὥς
192 307 230 375 δὲ
248 303 410 395 ἀποχρῶν
424 311 472 385 είς
486 305 612 386 πλάτος
628 306 736 396 ἐφάνη
750 308 788 375 τό
804 307 1094 398 παρερρηγμένον,

124 409 187 486 τάς
209 407 274 496 μέν
289 407 557 497 μηχανοφόρους
580 412 667 487 ναῦς
693 409 874 502 ἐπανάγειν
901 411 1092 477 ἐκέλευσεν·

126 509 145 577 ὁ
161 508 200 577 δέ
214 509 279 577 δύο
293 507 397 589 ἀλλοις
412 512 547 596 ἐπῆγεν,
562 517 601 578 αῖ
611 510 670 589 τὰς
681 509 833 600 γεφύρας
848 509 941 600 αύτῷ
958 515 1094 598 ἔφερον,
1111 521 1127 570 2

126 609 167 689 ἀς
182 611 225 696 δή
241 610 433 698 ἐπιβάλλειν
453 611 582 682 ἐπενόει
599 615 647 701 τῷ
666 613 923 702 κατερρηγμένῳ
941 615 1003 679 τοῦ
1021 617 1092 678 τεί-

86 741 101 782 5
127 739 219 798 χους.
266 713 323 779 καλ
349 712 409 798 τήν
433 711 496 798 μὲν
520 719 604 799 μίαν
626 715 696 779 τῶν
719 718 808 781 νεῶν
827 719 863 790 ολ
882 711 1093 780 ὑπασπισταὶ

128 819 271 901 ἔλαβον,
301 804 324 900 ᾗ
358 814 553 881 ἐπετέτακτο
565 813 751 901 Ἄδμητος,
782 815 843 900 τήν
870 814 987 902 ἑτέραν
1011 811 1094 899 δέή
1148 829 1150 832 ’

128 923 261 983 Κοίνου
285 913 375 993 τάξις
399 919 435 981 οί
457 915 637 1003 πεζέταιροι
660 915 877 1003 καλούμενοι·
904 916 962 982 καὶ
988 913 1094 992 αύτός

128 1016 190 1095 ξύν
204 1031 277 1094 τοῖς
290 1013 518 1095 ὑπασπισταῖς
533 1017 751 1104 ἐπιβήσεσθαι
762 1019 824 1084 τοῦ
839 1023 973 1102 τείχους
987 1005 1010 1104 ᾗ
1026 1039 1093 1083 πα-
1166 1045 1170 1052 ·

128 1123 235 1205 ρείκοι
250 1122 373 1204 ἔμελλε.
400 1115 459 1196 τάς
476 1117 619 1206 τριήρεις
638 1115 676 1184 δέ
689 1118 750 1196 τάς
763 1117 825 1204 μὲν
842 1121 994 1186 ἐπιπλεῖν
1007 1117 1092 1184 κατά
1112 1133 1128 1180 3

89 1218 211 1298 ιοτούς
236 1218 372 1305 λιμένας
395 1215 608 1306 ἀμφοτέρους
633 1217 826 1307 ἐκέλευσεν,
858 1228 893 1286 εί
913 1243 984 1297 πως
1008 1219 1109 1305 πρὸς·

129 1324 220 1406 σφᾶς
242 1318 479 1408 τετραμμένων
502 1323 571 1387 τῶν
596 1327 731 1408 Τυρίων
755 1319 928 1408 βιάσαιντο
952 1319 1012 1387 τὸν
1038 1325 1094 1386 ἐσ-

129 1429 258 1488 πλουν·
278 1417 354 1488 ὅσαι
366 1419 405 1487 δὲ
418 1417 534 1488 αὐτῶν
547 1421 629 1509 βέλη
643 1418 710 1488 ἀπό
729 1425 889 1509 μηχανῶν
902 1419 1094 1508 βαλλόμενα

129 1520 223 1606 εἶχον
235 1516 256 1606 ή
271 1518 346 1590 ὅσαι
358 1521 496 1602 τοξότας
509 1523 564 1590 ἐπὶ
578 1525 646 1589 τῶν
656 1521 948 1610 καταστρωμάτων
960 1527 1094 1610 ἔφερον,

128 1621 257 1700 ταύτας
275 1621 314 1690 δέ
329 1623 505 1690 ἐκέλευσεν
526 1625 562 1690 ἐν
578 1621 696 1714 κύκλῳ
714 1623 957 1709 περιπλεούσας
971 1623 1008 1690 τό
1023 1636 1094 1690 τεῖ-

93 1751 117 1790 15
130 1750 188 1811 χος
204 1723 394 1792 ἐποκέλλειν
403 1749 439 1791 τε
448 1721 512 1810 όπη
523 1731 676 1812 παρείκοι
685 1727 742 1792 καὶ
757 1723 983 1810 ἀνακωχεύειν
999 1723 1095 1801 ἐντὸς

129 1823 266 1914 βέλους,
286 1824 408 1894 ἕστετό
429 1826 598 1894 ἐποκεῖλαι
615 1823 750 1913 άπορον
759 1833 922 1911 γίγνοιτο,
941 1823 987 1902 ἀς
1006 1849 1095 1892 παν·
1171 1877 1172 1883 1

130 1925 278 2012 ταχόθεν
307 1927 538 2014 βαλλομένους
565 1925 647 2004 τούς
680 1935 828 2013 Τυρίους
856 1929 893 1994 ἐν
919 1927 966 2016 τῷ
995 1927 1093 2015 δεινῷ

130 2026 343 2116 ἀμφιβόλους
361 2034 548 2113 γίγνεσθαι.
1068 2029 1070 2032 ’

205 2127 262 2206 Ὡς
281 2128 318 2196 δὲ
337 2132 376 2196 αἵ
391 2153 427 2195 τε
443 2130 521 2212 νῆες
539 2132 579 2196 αί
599 2127 661 2208 ξύν
678 2125 888 2218 Ἀλεξάνδρῳ
907 2126 1094 2214 προσέσχον
1112 2141 1129 2190 4

94 2257 119 2298 ιο
130 2231 172 2318 τή
193 2229 288 2298 πόλει
305 2231 416 2297 καλαί
431 2229 579 2316 γέφυραι
598 2229 834 2316 ἐπεβλήθησαν
851 2232 899 2320 τῷ
916 2235 1017 2314 τείχει
1035 2226 1092 2296 ἀπ’

132 2329 260 2416 αὐτῶν,
281 2333 432 2398 ἐνταῦθα
447 2335 483 2397 οί
494 2327 704 2398 ύπασπισταὶ
719 2328 897 2416 εύράστως
911 2330 994 2397 κατὰ
1008 2329 1095 2396 ταύ-

131 2459 191 2512 τας
206 2429 387 2520 ἀνέβιιινον
407 2432 462 2500 ἐπὶ
476 2430 514 2498 τό
529 2446 651 2517 τεῖχος,
670 2428 688 2498 ὅ
701 2457 737 2498 τε
750 2431 814 2519 γάρ
822 2429 990 2518 ’Ἄδμητος
1008 2429 1095 2517 ἀνήρ

131 2531 263 2620 ἀγαθός
283 2535 384 2624 ἐντῷ
402 2531 479 2600 τότε
497 2531 629 2618 ἐγένετο
646 2533 703 2600 καὶ
722 2529 791 2619 ἅμα
806 2530 1026 2619 Ἀλέξανδρος
1044 2535 1095 2598 εἴ*

132 2658 213 2702 πετο
231 2631 360 2721 αὐτοῖς,
378 2635 440 2701 τοῦ
459 2659 495 2700 τε
513 2639 615 2722 ἔργον
630 2631 738 2714 αύτοῦ
758 2637 927 2722 καρτερῶς
945 2631 1095 2720 ἀπτόμε-

96 2759 191 2814 ιενος
221 2736 279 2802 καλ
304 2733 429 2820 θεατής
454 2735 523 2802 τῶν
550 2732 663 2802 ἀλλων
690 2731 757 2824 ὅτῳ
784 2761 816 2802 τι
838 2733 992 2822 λαμπρὸν
1018 2731 1092 2801 κατ’

133 2835 255 2924 ἀρετήν
274 2837 372 2926 ἐντῷ
391 2834 542 2926 κινδύνῳ
558 2837 729 2922 ἐτολμᾶτο.
762 2837 820 2902 καλ
833 2834 940 2922 ταύτῃ
961 2839 1096 2920 πρῶτον

133 2929 155 3025 ᾗ
190 2937 384 3005 ἐπετέτακτο
412 2935 630 3026 Ἀλέξανδρος
664 2935 795 3022 ἐλήφθη
826 2935 864 3003 τὸ
895 2951 1022 3023 τεῖχος,
1053 2934 1128 3005 ούο

133 3041 284 3124 χαλεπῶς
309 3035 617 3126 ἀποκρουσθέντων
635 3034 692 3106 ἀπ’
719 3033 828 3105 αὐτοῦ
852 3040 922 3104 τῶν
947 3044 1095 3126 Τυρίων,
1165 3067 1173 3076 ·

135 3139 246 3225 ἐπειδὴ
261 3141 395 3226 πρῶτον
409 3144 536 3230 βεβαίῳ
550 3140 656 3207 τεκαὶ
671 3135 738 3225 ἅμα
753 3136 794 3206 ού
810 3137 918 3226 πάντη
933 3137 1094 3230 ἀποτόμῳ

98 3265 122 3307 ιο
134 3243 173 3328 τῇ
188 3240 371 3327 προσβάσει
386 3239 569 3326 ἐχρήσαντο
584 3244 620 3308 οἱ
632 3239 835 3319 Μακεδόνες.
864 3237 1094 3328 καῖ”Αθμητος

133 3341 207 3428 μέν,
225 3345 358 3430 πρῶτος
374 3339 490 3428 ἐπιβάς
503 3343 564 3408 τοῦ
581 3347 714 3426 τείχους
727 3343 784 3408 καὶ
798 3355 870 3420 τοῖς
885 3339 965 3428 ἀμφ’
986 3337 1094 3409 αύτόν

136 3442 391 3552 ἐγκελευόμενρς
402 3445 598 3531 ἐπιβαίνειν,
612 3442 750 3530 βληθεὶς
765 3441 870 3530 λόγχῃ
886 3439 1093 3528 ἀποθνήσκει
