2632 3922
448 171 632 223 ANABmz
650 175 675 236 ε,
695 175 734 224 14.
754 176 794 224 ιε.
1038 171 1103 234 219

133 353 269 407 νοντας.
306 331 343 396 οί
367 326 405 396 δὲ
422 315 488 396 ’καὶ
514 313 625 416 μάχην
652 329 809 414 λέγουσιν
837 329 874 396 ἐν
899 331 940 416 τῇ
971 327 1137 415 έκβάσειι

134 429 297 515 γενέσθαι
318 430 392 495 τῶν
415 427 535 497 Ἰνδῶν
561 431 629 497 τῶν
647 430 710 509 ξὺν
728 431 775 519 τῶ
794 431 890 496 παιδὶ
908 433 953 520 τῷ
974 429 1101 514 Πῶρον

135 529 337 616 ἀφιγμένων
355 528 440 618 πρὸς
455 526 679 618 Ἀλέξανδρόν
696 555 731 597 τε
748 529 805 596 καὶ
824 527 904 608 τοδς
924 527 987 610 ξάν
1006 528 1101 620 αότῶ

138 631 272 710 ἱππέας.
299 631 356 697 καὶ
375 629 441 716 γάρ
460 631 517 698 καὶ
535 629 718 716 ἀφικέσθαι
736 628 799 710 ξύν
817 637 941 716 μείζονι
962 629 1104 716 δυνάμει

90 754 106 795 ε
135 729 199 798 τόν
218 729 343 818 Πάρου
371 733 489 817 παῖδα,
503 731 572 802 ,καὶ
599 729 705 799 αὐτόν
726 757 762 798 τε
775 729 996 815 Ἀλέξανδρον
1013 758 1102 816 τρω-

134 836 242 918 θῆναι
268 830 352 919 πρός
378 829 485 900 αάτοῦ
509 832 566 899 καὶ
583 831 643 899 τόν
662 835 768 900 ἵππον
786 829 894 899 αὐτοῶ
913 829 1103 900 ἀποθανεῖν
1139 887 1147 896 .

136 931 200 1000 τόν
232 931 475 1018 Βουκεφάλαν,
508 939 671 1018 φίλτατον
694 929 900 1022 Ἀλεξάνδρῳ
934 931 1016 999 όντα
1042 932 1103 999 τὸν

137 1037 258 1117 ἵππον,
285 1033 342 1100 καὶ
367 1035 490 1101 τοῦτον
515 1033 689 1122 τρωθέντα
715 1030 784 1100 ὑπὸ
812 1037 873 1100 τοῦ
901 1031 1022 1110 παιδὸς
1041 1034 1101 1100 τοι]

138 1133 276 1221 Πῶρον.
320 1131 408 1221 ἀλλά
428 1141 637 1220 Πτολεμαῖος
664 1131 682 1200 ὁ
706 1133 839 1218 Λάγου,
866 1130 933 1222 ότφ
960 1135 1017 1200 καλ
1037 1132 1102 1218 έγῶ

97 1258 124 1296 10
139 1235 368 1321 ξυμφέρομαι,
402 1231 511 1313 άλλως
543 1235 639 1318 λέγει.
686 1233 919 1319 ἐκπεμφθῆναι
946 1232 1009 1319 μέν
1036 1231 1137 1319 γάρὸ
1191 1282 1193 1284 -

139 1333 201 1402 τόν
228 1337 335 1401 παῖδα
360 1331 430 1400 ἀπὸ
457 1335 516 1401 τοῦ
536 1334 662 1422 Πάρου
689 1334 779 1418 λέγει
804 1334 860 1400 καὶ
887 1323 998 1417 οὗτος,
1026 1332 1101 1400 ἀλλ’

138 1433 202 1520 οὐχ
222 1433 381 1520 ἑξήκοντα
398 1433 486 1520 μόνα
505 1431 636 1522 ἅρματα
654 1431 789 1520 άγοντα.
831 1431 912 1502 οάδέ
930 1433 996 1520 γάρ
1014 1434 1104 1513 εἰκὸς

143 1541 266 1622 Πῶρον
292 1530 486 1602 ἀκούσαντα
513 1535 550 1601 έκ
575 1536 645 1602 τῶν
671 1537 807 1602 σκοπῶν
834 1533 885 1601 ότι
902 1535 944 1620 δὴ
962 1530 982 1620 ἢ
1002 1533 1104 1613 αὐτὸς

135 1633 353 1722 Ἀλέξανδρος
371 1633 560 1722 διαβεβήκει
584 1637 646 1703 τοῦ
671 1634 839 1706 Ὑδάσπου
865 1633 926 1702 τόν
952 1629 1103 1720 πόρονῆ

101 1761 127 1800 15
140 1737 241 1824 μέρος
267 1735 309 1820 γέ
331 1762 362 1802 τι
390 1739 449 1822 τῆς
483 1737 656 1823 στρατιάς,
693 1733 760 1803 σάν
796 1734 954 1822 ἑξήκοντα
980 1733 1104 1821 ἅρμασι

141 1835 256 1922 μόνοις
284 1836 450 1922 ἐκπέμψαι
473 1833 536 1904 τόν
563 1834 670 1903 αὐτοῦ
698 1839 821 1903 παῖδα·
866 1831 888 1902 ἀ
916 1835 957 1922 δὴ
978 1835 1022 1914 ῶς
1041 1836 1138 1921 μένε

143 1938 198 2005 ἐπὶ
234 1937 449 2023 κατασκοπὴν
485 1935 721 2022 ἐκπεμπόμενα
755 1936 864 2003 πολλά
894 1962 930 2003 τε
956 1937 1012 2003 καὶ
1040 1933 1108 2012 οὐκ7

141 2035 267 2118 εὔζωνα
295 2039 329 2116 ἐς
346 2035 408 2123 τὴν
426 2034 641 2124 ἀποχώρησιν
657 2027 716 2122 ἦν·
753 2034 797 2114 ῶς
816 2035 853 2103 δέ
872 2043 921 2114 εἰς
939 2035 976 2102 τό
997 2035 1107 2120 εἶρξαί

141 2163 177 2205 τε
193 2135 274 2216 τούς
301 2134 397 2205 οὕτω
423 2135 650 2222 πεπερακότας
677 2139 747 2203 τῶν
771 2143 940 2221 πολεμίων
958 2139 1014 2204 καὶ
1033 2153 1104 2214 τοῖς

104 2263 130 2302 νο
142 2235 205 2324 ἤδη
225 2237 439 2326 ἐκβεβηκόσιν
458 2238 647 2322 ἐπιθέσθαι,
675 2235 808 2323 οὐδαμῆ
826 2235 996 2323 ἀξιόμαχα.
1017 2236 1102 2304 ἀλλά

142 2343 324 2425 δισχιλίους
350 2338 415 2427 γάρ
441 2339 529 2424 λέγει
557 2338 677 2416 ἱππέας
696 2335 822 2421 άγοντα
840 2335 1023 2423 ἀφικέσθαι
1040 2341 1101 2405 τοῦ

143 2439 269 2526 Πῶρον
296 2439 357 2507 τὸν
384 2443 502 2524 παῖδα,
529 2437 660 2526 ἅρματα
687 2437 725 2505 δὲ
754 2437 873 2506 ἑκατόν
899 2441 956 2505 καὶ
983 2449 1103 2507 εἰκοσι·

143 2539 273 2626 φθάσαι
299 2539 337 2608 δέ
363 2539 555 2627 περάσαντα
569 2537 790 2627 Ἀλέξανδρον
815 2539 873 2606 καὶ
898 2539 959 2616 τὸν
987 2541 1022 2606 ἐκ
1044 2543 1105 2624 τῆς

143 2640 249 2726 νήσου
276 2638 337 2708 τόν
362 2648 555 2709 τελευταῖον
582 2638 699 2726 πόρου.

107 2767 131 2806 νε
219 2741 288 2808 Καὶ
315 2743 369 2808 ἐπὶ
393 2741 536 2818 τούτους
553 2737 594 2806 τά
612 2738 675 2826 μὲν
694 2744 810 2827 πρῶτα
830 2739 992 2825 ἐκπέμψαι
1008 2737 1103 2808 Ἀλέ-
1117 2759 1155 2821 15

20 2793 23 2880 Ι
144 2839 288 2926 ξανδρον
314 2843 371 2908 καλ
399 2831 497 2918 οὗτος
524 2840 613 2924 λέγει
628 2841 710 2918 τούς
737 2841 969 2923 ἱπποτοξότας,
996 2838 1104 2906 αὐτόν

145 2937 176 3007 δ’
211 2937 304 3024 άγειν
335 2939 415 3019 τούς
451 2939 586 3019 ἱππέας·
642 2940 823 3028 προσάγειν
855 2939 921 3028 γάρ
949 2944 1105 3027 οἰηθῆναι

145 3045 268 3127 Πῶρον
286 3038 350 3119 ξόν
368 3047 408 3129 τῇ
428 3040 519 3128 πάση
538 3039 693 3127 δυνάμει·
721 3040 782 3128 την
800 3040 838 3110 δέ
857 3046 962 3109 ἵππον
976 3044 1103 3129 ταύτην

145 3136 415 3230 προτεταγμένην
448 3138 540 3231 αὐτῷ
574 3141 779 3228 πορεύεσθαι
811 3143 875 3229 πρό
903 3146 963 3209 τοῦ
997 3141 1102 3210 άλλου

110 3246 297 3330 εοστρατοῦ.
343 3235 388 3322 ῶς
414 3241 453 3310 δέ
479 3243 668 3328 κατέμαθεν
694 3240 842 3328 ἀτρεκῶς
859 3242 897 3309 τὸ
917 3245 1046 3327 πλῆθος
1064 3243 1101 3310 τό
1122 3274 1137 3319 2

146 3345 212 3409 τῶν
236 3341 372 3428 Ἰνδῶν,
406 3339 558 3411 ἐνταῦθα
590 3341 632 3429 δὴ
660 3340 762 3423 όξέως
790 3347 959 3410 ἐπιπεσεῖν
986 3343 1102 3420 αάτοῑς

139 3441 206 3520 ξὺν
232 3446 272 3532 τῇ
300 3442 385 3533 ἀμφ’·
414 3443 521 3512 αὑτὸν
548 3447 657 3536 λ’ππφ·
701 3441 782 3522 τούς
809 3443 847 3510 δέ
867 3447 1029 3528 ἐγκλῖναι,
1057 3442 1102 3519 ῶς
