2632 3922
205 129 267 196 180
559 130 812 190 ΑΛΕΞΑΝΔΡΟΤ

202 287 286 376 ἀρτη
301 301 381 367 παῖς
395 283 567 375 παρθένος
582 289 619 356 ἐν
633 283 705 378 ῦρηι
718 279 844 375 γόμου,
859 286 1001 377 Ῥωξάνη
1015 286 1170 378 ὀνόματι,

201 385 244 474 ἣν
268 389 309 474 66
334 393 516 476 καλλίστην
541 389 611 457 τῶν
623 386 788 456 Ἀσιανῶν
809 391 983 475 γυναικῶν
1008 391 1171 476 λέγουσιν

160 557 163 570 ‚
202 486 353 576 ὀφθῆναι
370 493 407 557 oc
426 488 490 569 ξῦν
503 485 711 580 Ἀλεξάνδρῳ
736 488 999 576 στρατεύσαντες
1021 491 1103 577 μετά
1127 517 1168 577 γε

202 587 264 676 τήν
284 594 434 678 Δαρείου
453 603 610 674 γυναῖκα.
654 591 712 658 καλ
729 587 856 674 ταύτην
876 589 994 658 ίδόντα
1008 587 1167 672 Ἀλέξαν-

202 694 285 778 δρον
312 691 345 768 ἐς
373 693 480 777 ἔρωτα
508 692 623 758 ἐλθεῖν
655 687 776 776 αὐτῆς·
811 690 998 776 ἐρασθέντα
1030 690 1069 759 δὲ
1100 690 1196 760 ούκτ

203 792 359 876 ἐθελῆσαι
371 788 511 877 ῦβρίσαι
528 789 683 878 καθάπερ
703 788 928 876 αἰχμάλωτον,
955 789 1040 858 ἀλλά
1063 795 1169 878 γῆμαι

168 903 184 950 6
202 917 267 980 γαρ
288 887 352 958 ούκ
370 886 563 970 ἀπαξιῶσαι
603 892 659 959 καὶ
684 894 785 959 τοῦτο
810 893 875 975 ἐγω
865 887 1162 980 Ἀλεξάνδρου
1126 919 1166 960 το

203 1096 355 1175 Δαρείου
373 1089 549 1178 γυναικός,
577 1087 598 1177 6
623 1097 783 1178 καλλίστη
812 1088 853 1177 66
878 1089 1055 1176 ἐλέγετο
1032 1097 1101 1160 τῶν
1128 1097 1166 1162 ἐν

201 1197 242 1280 τῇ
266 1190 362 1282 Ἀσίηι
388 1193 578 1276 γυναικῶν,
603 1185 625 1310 6
651 1189 714 1260 ούκ
738 1183 845 1278 ἦλθεν
872 1193 906 1270 ἐς
933 1189 1166 1280 ἐπνθυμίαν”
1142 1218 1208 1316 ηιο

201 1290 361 1381 καρτερός
387 1289 491 1371 αῦτδς
515 1290 621 1360 αῦτοῦ
643 1292 784 1380 ἐγένετο,
810 1292 886 1371 νέος
909 1315 948 1358 τε
972 1287 1020 1360 66
1043 1292 1163 1359 καὶ
1123 1320 1166 1361 τα

200 1393 342 1481 μάλιστα
370 1395 407 1460 ἐν
433 1389 523 1480 ἀκμῇ
549 1395 608 1477 τῆς
635 1390 807 1478 εὐτυχίας,
839 1390 940 1460 ὁπότε
971 1390 1167 1480 ὑβρίζουσιν

201 1497 238 1561 ολ
267 1490 458 1582 ἄνθρωποι·
511 1489 529 1560 ὁ
563 1491 602 1559 δέ
627 1492 818 1580 κατῃδέσθη
845 1518 880 1560 τε
911 1493 969 1559 καὶ
996 1494 1165 1582 ἐφείσατο,

202 1592 409 1680 σωφροσύνῃ
435 1617 471 1660 τε
497 1595 604 1681 πολλῇ
629 1589 853 1680 διαχρώμενος
886 1595 943 1660 καί
971 1593 1070 1680 δόξης
1096 1592 1165 1683 ἀμα

203 1692 334 1780 ἀγαθῆς
360 1691 424 1761 οῦκ
450 1687 566 1784 ἀτόπφ
594 1693 712 1779 ἐφέσει.
925 1719 930 1726 ·
1179 1715 1207 1757 ιι

150 1801 193 1866 20
278 1795 348 1863 Καὶ
368 1798 487 1862 τοίνυν
511 1793 567 1861 καὶ
585 1793 686 1879 λόγος
709 1793 838 1879 κατέχει
861 1790 978 1878 ὀλίγον
1001 1793 1082 1880 μετά
1103 1795 1165 1881 τὴν

200 1893 310 1983 μάχην
327 1890 445 1982 ἣπρός
461 1891 555 1985 Ἰσσῷ
574 1900 709 1987 Δαρείῳ
726 1919 762 1962 τε
779 1894 836 1960 καὶ
852 1887 1059 2018 Ἀλεξάνδρῳ
1078 1916 1164 1964 συν-

202 1998 260 2084 έβη
279 1993 475 2083 ἀποδράντα
500 1996 615 2062 ἐλθεῖν
637 1992 728 2082 παρά
748 2005 897 2116 Δαρεῖον
917 1991 978 2062 τόν
997 1993 1164 2082 εὐνοῦχον

200 2093 261 2164 τόν
293 2096 431 2183 φύλακα
464 2091 557 2184 αύτῷ
590 2096 648 2180 τῆς
674 2093 842 2179 γυναικός.
883 2095 940 2162 καὶ
966 2099 1089 2163 τοῦτον
1117 2095 1164 2177 69

201 2193 270 2263 εἶδε
289 2207 446 2283 Δαρεῖος,
473 2198 590 2318 μράτα
608 2180 671 2280 μέῦ
697 2196 868 2264 πυθέσθαι
893 2202 925 2265 εί
946 2199 1046 2276 ζῶσιν
1069 2195 1163 2287 αύτῷ
1176 2225 1206 2264 εο

168 2301 239 2364 26
203 2322 220 2364 ο
224 2299 372 2374 λπαλδες
389 2292 483 2362 ταδ’
464 2319 485 2380 η
502 2293 590 2382 γυνή
607 2320 642 2362 τε
659 2291 754 2362 uaz‘
735 2321 755 2383 η
774 2293 890 2384 μήτηρ
928 2292 973 2374 63
997 2295 1036 2364 δέ
1058 2295 1164 2378 ξύσας

202 2423 238 2465 τε
257 2395 404 2465 ἐπύθετο
422 2395 478 2462 καὶ
489 2392 707 2480 βασιλισσαι
688 2421 738 2464 οτι
751 2399 934 2464 καλοῦνται
947 2393 1042 2462 καὶ
1021 2423 1042 2482 η
1056 2406 1164 2483 θερα-

201 2503 280 2566 πεία
304 2493 354 2563 ὅτι
376 2491 463 2582 ἀμφ’
483 2492 589 2574 αύτιίς
615 2497 703 2564 ἐστιν
726 2491 844 2581 ἥντινα
862 2497 919 2563 καὶ
938 2496 994 2563 ἐπὶ
1013 2503 1163 2584 Δαρείου

202 2595 458 2684 ἐθεραπεύοντο,
485 2597 540 2664 ἐπὶ
565 2597 652 2686 τῷδε
676 2587 721 2663 ού
742 2597 915 2664 πυθέσθαι
938 2601 971 2663 εί
991 2613 1166 2684 σωφρονεῖ

201 2696 294 2789 αύτῷ
320 2694 342 2784 6
368 2694 455 2781 γυνὴ
484 2701 540 2764 ἔτι.
595 2692 640 2775 ιδς
666 2694 705 2764 δέ
732 2698 978 2783 σωφρονοῦσαν
1006 2697 1164 2786 ἐπύθετο,
1177 2726 1207 2766 2⁵

201 2789 303 2877 αὖθις
329 2798 463 2885 ἐρέσθαι
478 2795 525 2884 μή
550 2821 580 2864 τι
599 2803 711 2883 βίαιον
730 2797 762 2877 ἐξ
777 2793 1000 2883 Ἀλεξάνδρου
1018 2795 1104 2886 αὐτῇ
1130 2802 1164 2878 ές

200 2898 303 2987 ῦβριν
321 2897 461 2984 ξυνέβη·
489 2897 546 2964 καὶ
563 2895 623 2964 τόν
642 2893 810 2984 εῦνοῦχον
829 2895 1041 2984 ἐπομόσαντα
1060 2899 1166 2985 φάναι

201 2998 262 3086 ὅτι,
296 2987 322 3065 6
347 3000 499 3082 βασιλεῦ,
533 2993 621 3064 οῦτοι
647 3022 698 3064 τοι
723 2995 952 3076 οῦςάπέλιπες
982 3002 1048 3084 ἔχει
1072 2997 1093 3087 6
1120 3001 1164 3087 σὴ

201 3099 302 3186 γυνή,
321 3099 378 3165 καὶ
392 3093 610 3183 Ἀλέξανδρος
635 3093 771 3184 ἀνδρῶν
795 3095 930 3186 ἀριστός
953 3097 992 3165 τέ
1015 3101 1162 3169 ἐστικαὶ

168 3197 486 3286 σσυφρονέστατος.
533 3197 588 3264 ἐπὶ
611 3201 724 3266 τοῖσδε
757 3195 931 3268 ἀνατεῖναι
955 3207 1105 3288 Δαρεῖον
1130 3205 1163 3280 ἐς
1177 3229 1205 3268 ιο

203 3297 264 3368 τόν
285 3294 434 3385 ούρανόν
458 3297 515 3392 τὰς
539 3310 650 3386 χεῖρας
672 3299 728 3367 καὶ
747 3294 909 3380 εὔξασθαι
927 3291 1002 3367 66.
1041 3299 1117 3369 ἀλλ’
1136 3294 1164 3369 6

201 3403 272 3471 Ζεῦ
290 3402 450 3487 βασιλεῦ,
475 3396 541 3490 ότφ
561 3400 789 3489 ἐπιτέτραπται
806 3399 918 3486 νέμειν
935 3398 975 3467 τά
999 3401 1165 3486 βασιλέων
