2572 3920
175 205 211 255 1v
566 205 750 254 Prasmonita.

174 375 253 430 rem,
276 356 341 416 fieri
362 357 481 432 quidem
502 375 565 418 non
590 352 690 432 potuit
715 358 789 432 quin
815 357 907 416 editio
930 376 947 415 a
968 375 1016 416 ma
1036 373 1137 433 recog-

174 441 239 499 nita
254 459 321 499 cum
343 441 506 518 Krdgeri
528 443 558 501 st
580 440 766 500 Sintanisi
788 435 986 514 editionibus,
1010 457 1138 516 quorum

176 525 308 584 virorum
330 525 460 601 insignia
480 526 520 585 in·
534 525 695 584 Arrianum
717 525 825 584 merita
845 543 933 584 nemo
954 543 1004 583 me
1026 525 1140 601 gratior

175 606 354 682 admiratur,
377 628 444 668 cum
464 609 606 668 sescentis
621 609 694 668 locis
709 609 856 687 librorum
869 607 1139 684 manuscriptorum

176 690 356 751 tenuitatem
382 693 496 769 ingenii
522 693 705 768 praestantia
731 695 763 752 et
788 694 927 752 lectionis
954 693 1040 767 eopia
1061 710 1138 751 com-

175 779 351 851 pensarent,
373 777 405 835 in
419 777 567 852 plerisque
584 777 779 852 consentiret,
801 777 834 835 in
855 777 956 852 paucis
979 775 1015 835 ab
1038 795 1139 836 erum

175 859 358 920 editionibus
379 860 501 934 recessi,
524 860 578 919 ubi
598 860 645 918 illi
666 860 723 919 viri
739 860 820 920 docti
840 861 873 920 in
887 860 1024 936 corrigsn
1084 860 1140 918 hoc

176 943 320 1018 scriptore
341 944 434 1004 nimio
458 943 578 1019 longius
599 944 750 1020 progressi
772 963 835 1004 esse
855 943 1044 1004 ridebantur.

261 1027 417 1102 Tanquam
438 1027 664 1087 fundamentum
678 1027 748 1086 huic
762 1027 886 1087 editioni
903 1028 1072 1087 substratus
1095 1029 1141 1086 est

63 1177 68 1189 Ι
176 1113 276 1172 textus
298 1131 316 1169 a
336 1111 474 1187 Krdgero
496 1112 691 1186 constitutus,
714 1131 749 1170 ex
770 1129 829 1186 quo
852 1111 1003 1170 enim'ille
1020 1110 1141 1170 Arriani
1257 1121 1260 1128 ’

177 1195 324 1254 anabasim
356 1195 450 1256 edidit
485 1189 597 1277 (Berol.
628 1195 720 1254 1833.
750 1189 856 1276 1848),
895 1196 980 1270 larga
1006 1194 1140 1253 codicum

177 1279 380 1339 Parisinorum
400 1281 472 1353 timo
501 1279 631 1354 primunr
652 1298 670 1338 a
691 1279 834 1338 Dttbnero
856 1276 1033 1339 collatorum
1055 1279 1142 1352 copia

178 1361 357 1436 instructus,
385 1363 567 1436 renotuit,
590 1363 642 1439 qui
663 1364 750 1424 noris
772 1363 905 1422 codicum
928 1361 1067 1422 subsidiis
1090 1361 1139 1420 ad·

66 1509 69 1516 ,
178 1447 260 1506 iutus
274 1446 396 1508 Arriani
409 1447 501 1506 verba
514 1447 706 1506 recensuerit.
733 1446 880 1506 Brevitati
894 1449 930 1504 ut
943 1445 1139 1517 consulerem,

178 1531 249 1588 oum'
271 1530 396 1590 uberior
428 1525 591 1606 disputatio
624 1531 662 1589 ab
691 1531 798 1590 harum
830 1530 992 1590 editionum
1025 1528 1140 1588 ratione

179 1614 276 1672 aliena
304 1615 395 1686 esset,
424 1632 526 1672 aarum
555 1615 673 1674 tantum
695 1614 855 1674 lectionum
877 1613 1068 1672 auctoritates
1090 1630 1139 1687 ap·

179 1698 282 1771 posui,
310 1715 385 1772 quae
406 1715 443 1756 ex
463 1697 619 1758 doctorum
640 1697 794 1758 hominum
815 1697 985 1757 coniectura
1006 1697 1141 1771 receptae

178 1783 257 1842 sunt.
301 1778 381 1840 Sciat
402 1778 496 1856 igitur
522 1782 615 1841 lector
636 1782 741 1841 harum
761 1799 862 1857 rerum
890 1779 1042 1840 studiosus
1048 1823 1058 1856 ,
1086 1773 1141 1836 ubi

178 1864 255 1923 nihil
269 1863 442 1924 adnotatum
456 1865 618 1939 invenerit,
641 1865 733 1925 libros
754 1863 897 1940 quosdam
911 1865 1026 1924 veteres
1040 1861 1140 1922 nobis-

179 1966 247 2006 cum
257 1949 433 2009 consentire.
448 1949 650 2008 Parisinorum
663 1949 808 2025 optimum
820 1947 993 2024 exKrttgeri
1004 1947 1139 2022 exemplo

181 2031 330 2108 (Berolini
353 2031 451 2111 1848)
473 2051 499 2106 c,
525 2034 654 2108 reliquos
677 2034 751 2092 duos
773 2032 897 2092 minoris
920 2031 1010 2106 pretii
1033 2032 1103 2089 det
1125 2047 1141 2087 c

179 2115 353 2191 significavi.
398 2119 423 2174 Α
453 2119 498 2177 est
524 2116 658 2177 codicum
680 2116 926 2176 Florentinorum
954 2114 1098 2190 optimus,
1123 2131 1141 2171 a

180 2198 330 2259 Gronorio
353 2200 489 2260 collatus

263 2283 395 2344 Nomina
431 2284 584 2358 indicis,
621 2284 714 2360 priori
746 2282 872 2342 editioni
907 2281 1029 2359 adiecti,
1064 2298 1140 2355 quae

179 2365 313 2426 Latine
335 2367 527 2449 legebantur,
551 2367 688 2428 Graece
704 2361 834 2444 reddidi,
857 2368 893 2428 ut
906 2384 997 2428 usuro
1012 2365 1141 2424 habilior

180 2450 348 2512 eraderet·
