2546 3920
434 183 619 236 ΑΝΔΒΔΣΙΣ
638 187 665 248 7,
685 187 726 236 23.
1002 183 1068 249 525

96 342 155 410 καὶ
174 347 222 432 τῷ
237 340 398 433 Σελεύκῳ
411 342 473 428 τὴν
486 348 659 430 βασιλείαν
672 339 735 430 την
748 342 907 429 μεγάλην.
936 344 1067 412 Σέλευ·

96 467 160 511 κον
188 441 253 531 γάρ
279 443 437 530 μέγιστον
464 446 533 512 τῶν
558 439 640 530 μετά
663 441 886 532 Ἀλέξανδρον
912 446 1066 525 διαδεξα*

96 545 212 631 μένων
237 541 299 630 τὴν
325 541 432 631 ἀρχὴν
457 544 595 632 βασιλέα
618 545 779 630 γενέσθαι
795 543 859 630 τήν
876 571 911 613 τε
927 541 1067 632 γνάμην

95 643 362 732 βασιλικώτατον
388 645 445 712 καὶ
473 652 630 731 πλείστης
655 648 719 732 γῆς
748 643 886 734 ἐπάρξαι
919 645 1002 732 μετά
1027 671 1066 731 γε

54 776 68 816 5
98 743 204 814 αὐτὸν
220 743 441 834 Ἀλέξανδρον
459 743 502 812 οό
518 771 573 832 μοι
598 750 692 814 δοκεῖ
710 745 795 813 ίέναι
814 748 846 825 ές
864 741 1065 834 ἀμφίλογον.

173 844 392 916 Ἐπανελθὼν
431 844 469 913 δέ
507 851 556 926 είς
588 847 779 934 Βαβυλῶνα
817 845 1065 933 καταλαμβάνει
1075 839 1117 904 23

98 947 298 1016 Πευκέσταν
329 945 455 1034 ἥκοντα
492 949 528 1016 έκ
563 949 723 1036 Περσῶν,
755 944 882 1032 άγοντα
909 947 1067 1035 στρατιάν

98 1051 245 1134 Περσων
274 1049 307 1126 ές
333 1051 551 1136 δισμυρίους·
596 1040 657 1134 ἦγε
680 1047 793 1116 δὲκαὶ
811 1055 992 1117 Κοσσαίων
1009 1048 1067 1116 καὶ

103 1147 295 1232 Ταπούρων
312 1146 376 1216 οόκ
393 1147 545 1237 ὀλίγους,
568 1145 618 1217 ὅτι
636 1148 693 1216 καὶ
710 1153 817 1217 ταῦτα
834 1148 875 1216 τοὶ
894 1154 978 1236 ἔθνη
996 1153 1067 1216 τοῖν

57 1281 84 1320 ιο
99 1247 310 1337 προσχάρων
335 1252 378 1337 τῇ
398 1255 540 1337 Περσίδι
565 1249 781 1338 μαχιμώτατα
805 1247 890 1317 εἶναι
909 1251 1065 1336 ἐξηγγέλ-

98 1357 183 1417 λετο.
228 1341 288 1436 ἧκε
315 1348 353 1418 δέ
380 1348 476 1442 αότςό
502 1350 558 1418 καὶ
587 1350 765 1432 Φιλόξενος
788 1351 947 1440 στρατιάν
973 1347 1067 1436 όγων

99 1447 167 1518 άπὸ
188 1457 318 1538 Καρίας
344 1452 402 1519 καὶ
421 1452 625 1540 Μένανδρος
654 1455 690 1521 έκ
707 1454 839 1530 Λυδίας
866 1448 991 1529 άλλους
1008 1449 1067 1518 καὶ
1175 1449 1179 1455 ’

100 1555 254 1629 Μενίδας
267 1549 348 1632 τούς
364 1555 484 1632 ίππέας
497 1551 592 1638 άγων
605 1552 686 1632 τοδς
700 1550 794 1642 αὐτῷ
808 1552 1066 1637 ξυνταχθέντας.

99 1652 157 1719 καὶ
184 1658 358 1740 πρεσβεῖαι
384 1653 422 1721 δέ
450 1655 486 1722 έν
512 1653 623 1744 τοότφ
650 1655 687 1721 έκ
711 1657 769 1738 τῆς
785 1652 943 1731 Ἑλλάδος
969 1644 1100 1739 ἧκον,2

58 1755 157 1822 τεκαὶ
188 1753 320 1820 τοότων
353 1758 390 1821 ολ
418 1755 572 1843 πρέσβεις
605 1751 707 1822 αότοί
730 1779 766 1821 τε
800 1753 1068 1842 ἐστεφανωμένοι

94 1851 307 1944 Ἀλεξάνδρῳ
331 1861 526 1943 προσῆλθον
551 1855 608 1922 καὶ
635 1852 844 1952 ἐστεφάνουν
866 1851 973 1922 αὐτόν
991 1873 1067 1921 στε-
1258 1931 1259 1934 ¹

101 1953 222 2040 φόνοις
253 1969 413 2042 χρυσοῖς,
441 1953 486 2035 εὶς
514 1955 641 2042 θεωροὶ
665 1956 770 2040 δῆθεν
799 1956 832 2034 ές
857 1954 956 2041 τιμὴν
981 1956 1066 2022 θεοῦ
1259 1949 1260 2002 ὶ

100 2054 288 2142 ἀφιγμένοι.
341 2059 388 2146 τῷ
416 2056 454 2124 δέ
481 2054 521 2124 οά
549 2055 665 2145 πόρρω
691 2053 713 2140 ἡ
738 2054 877 2142 τελευτὴ
904 2047 956 2139 ἦν,
1259 2003 1260 2096 δ

167 2154 276 2225 Ἔνθα
294 2156 337 2242 δὴ
356 2156 435 2235 τοός
452 2183 489 2226 τε
507 2159 642 2245 Πέρσας
662 2156 838 2234 ἐπαινέσας
856 2161 915 2242 τῆς
933 2166 1066 2243 προθυ-
1085 2163 1101 2211 3

59 2286 86 2326 το
100 2260 190 2342 μίας,
204 2254 256 2324 ὅτι
269 2257 378 2325 πάντα
393 2257 569 2346 Πευκέστα
585 2260 774 2341 ἐπείθοντο,
788 2258 845 2324 καὶ
855 2255 962 2325 αὐτόν
973 2267 1066 2326 Πευ-

100 2357 223 2424 κέσταν
247 2360 306 2442 της
332 2360 369 2426 ἐν
386 2356 501 2448 κόσμῳ
526 2355 862 2444 αότόνέξηγησεως,
889 2357 1067 2442 κατέλεγεν

101 2455 228 2552 αότοτὶς
248 2459 281 2535 ἐς
298 2457 358 2536 τδις
377 2458 615 2538 Μακεδονικὰς
632 2457 752 2544 τάξεις,
777 2457 987 2544 δεκαδάρχην
1004 2456 1068 2543 μὶν

101 2562 161 2642 τῆς
175 2559 317 2636 δεκάδος
330 2556 487 2643 ἡγεῖσθαι
497 2558 684 2627 Μακεδόνα
699 2559 757 2625 καὶ
772 2560 827 2626 ἐπὶ
840 2558 950 2648 τούτῳ
959 2561 1067 2644 διμοι-

103 2661 198 2744 ρίτην
212 2658 398 2726 Μακεδόνα
415 2660 472 2726 καὶ
491 2658 752 2746 δεκαστάτηρον,
780 2655 887 2736 οὕτως
906 2656 1067 2743 ὀνομαζό-

61 2785 87 2827 εε
102 2782 204 2843 μενον
231 2755 296 2824 άπδ
323 2761 381 2844 τῆς
399 2760 625 2845 μισθοφορᾶς,
651 2757 769 2843 ἥντινα
786 2765 906 2846 μείονα
924 2756 986 2844 μὶν
1004 2758 1066 2825 τοῦ

102 2864 301 2946 διμοιρίτου,
328 2865 467 2928 πλείονα
493 2857 531 2926 δὶ
557 2862 626 2927 τῶν
650 2858 714 2926 οὐκ
733 2862 770 2929 έν
787 2861 864 2946 τιμῇ
885 2878 1067 2947 στρατευο-

101 2959 213 3045 μένων
240 2963 375 3047 ἒφερεν·
410 2961 465 3029 ἐπὶ
491 2959 624 3039 τοότοις
651 2959 690 3027 δὲ
708 2958 839 3027 δυόδεκα
857 2959 992 3045 Πέρσας
1010 2962 1101 3028 καὶλ

101 3067 294 3128 τελευταῖον
325 3065 384 3146 τῆς
419 3061 562 3140 δεκάδος
589 3057 793 3146 Μακεδόνα,
821 3059 1068 3149 δεκαστάτηρον

22 3187 26 3196 ’
101 3161 157 3228 καὶ
183 3165 319 3248 τοῦτον,
347 3158 430 3229 ὥστε
456 3163 493 3229 έν
519 3164 560 3250 τῇ
589 3161 704 3230 δεκάδι
721 3161 884 3250 τέσσαρας
901 3159 964 3248 μὲν
982 3160 1069 3228 εἶναι

60 3289 87 3330 ao
103 3261 319 3349 Μακεδόνας,
350 3262 432 3340 τούς
464 3261 527 3350 μὶν
552 3276 643 3350 τρεῖς
669 3264 710 3350 τῇ
738 3263 933 3350 μισθοφορᾷ
960 3258 1067 3352 προό-

101 3381 233 3450 χοντας,
267 3363 328 3432 τόν
355 3361 393 3431 δέ
419 3364 460 3451 τῇ
489 3362 577 3452 άρχῇ
604 3366 663 3448 τῆς
690 3362 842 3448 δεκάδος,
870 3361 1002 3430 διόδεκα
1030 3361 1068 3430 δὶ

104 3462 247 3552 Πέρσας,
274 3464 353 3544 τούς
379 3461 442 3551 μὶν
460 3462 665 3543 Μακεδόνας
682 3461 742 3550 τὴν
767 3463 909 3552 πάτριον
936 3456 1067 3530 όπλισιν
