2572 3920
186 77 229 142 24
540 75 794 133 ελααιαεαοο

154 234 169 284 5
188 224 278 307 ἔργα.
317 215 407 296 ὅστις
431 215 469 285 66
494 213 543 284 66
560 217 666 284 ταῦτα
682 209 771 304 ύπέρ
798 216 943 302 ἐμαυτοῦ
960 213 1146 303 γιγνύσκω,

185 319 223 391 τὸ
247 317 311 406 μὲν
335 316 442 405 ὄνομα
465 311 569 385 ου’δδν
593 316 708 403 δέομαι
732 312 942 405 άναγράψαι,
974 313 1056 385 0666
1081 314 1148 402 γάρ
1272 363 1273 366 =

187 415 270 490 0666
287 417 462 504 ἄγνωστον
480 419 514 496 ἐς
537 413 741 506 ἀνθρώπους
761 419 869 502 ἐστίν,
896 413 978 486 0666
1001 421 1148 505 πατρίδα

185 519 255 608 ἥτις
278 527 338 608 μοί
361 521 450 589 ἐστιν
468 511 550 586 ου’δέ
566 517 664 604 γένος
682 515 719 586 τό
740 515 839 609 ἐμόν,
864 513 946 586 0666
964 523 997 586 εί
1012 516 1055 604 66
1071 543 1148 586 τινα

186 619 293 711 ἀρχὴν
312 622 348 688 ἐν
371 625 414 709 τῇ
440 621 585 707 ἐμαυτοῦ
608 610 708 708 ἦρξα·
735 614 806 686 ἀλλ’
822 619 931 687 ἐκεῖνο
949 616 1146 706 ἀναγράφω,
1173 645 1189 686 5

186 720 237 792 666
255 721 327 810 ἐμοὶ
346 726 465 809 πατρίς
482 746 518 787 τε
535 719 591 787 καί
608 720 704 806 γένος
722 719 778 786 καὶ
796 715 897 808 άρχαὶ
914 721 986 788 οίδε
1004 723 1039 788 οί
1054 717 1149 804 λόγοι

187 829 256 892 εἰσί
276 849 312 890 τε
336 822 393 890 καὶ
417 817 483 889 άπό
507 821 590 888 ’νέου
615 825 663 889 ἐτι
688 817 855 906 ἐγίνοντο.
896 819 953 892 καὶ
977 817 1034 889 ἐπὶ
1057 823 1148 912 τῷδε

187 917 250 992 ούκ
274 917 437 1004 άπαξιῶ’
420 918 566 1010 εμαυτδν
582 925 652 989 τοῖν
669 919 812 1008 πρύτων
829 925 898 990 τόν
915 922 958 988 ἐν
982 925 1024 1010 τῇ
1047 924 1147 1008 φωνή

185 1029 228 1113 τῇ
248 1016 438 1110 Ελλάδι,ε
422 1031 516 1110 εἰπερ
543 1014 608 1090 ούν
626 1020 683 1155 καί
704 1017 919 1111 Ἀλέξανδρος
935 1025 1004 1090 τάν
1023 1023 1060 1090 ἐν
1077 1035 1147 1100 τοῖς

187 1122 488 1203 ὅπλοις..
1162 1149 1188 1190 ιο

153 1241 169 1290 σ
259 1222 310 1305 Ἐξ
325 1222 426 1294 Ιλίου
443 1222 482 1292 δ
497 1225 531 1304 ἐς
545 1191 742 1314 Ἀρίσβην
720 1249 812 1310 ηκεν,
831 1213 872 1292 οὗ
889 1227 979 1293 πᾶσα
996 1250 1018 1310 η
1006 1215 1147 1291 δύνα-

186 1354 241 1414 μις
260 1323 352 1418 αότῳ
339 1330 591 1448 διαβεβηκυῖα
608 1322 668 1394 τόν
683 1322 927 1410 Ελλήσποντον
946 1326 1145 1412 ἐστρατοπε-

187 1424 311 1512 δεύκει,
329 1425 386 1493 καὶ
403 1430 454 1514 τῇ·
468 1419 631 1516 ὑστεραίᾳ
659 1427 692 1505 ἐς
719 1423 917 1513 Περκώτην·
945 1453 985 1514 τη
971 1424 1043 1493 66
1060 1422 1147 1512 άλλη

187 1525 376 1614 Λάμψακον
402 1531 614 1615 παραμείψας
641 1523 726 1615 πρὸς
751 1530 799 1616 τῷ
825 1532 985 1617 Πρακτίῳ
1009 1529 1147 1616 ποταμῷ

188 1627 509 1716 ἐστρατοπέδευσεν,
522 1623 559 1708 δς
578 1627 666 1716 ῥέων
678 1627 719 1694 Ιἐκ
736 1627 804 1694 τοῖν
822 1623 915 1715 ὀροῖν
932 1631 1000 1704 τῶν
1014 1623 1147 1696 Ἰδαίων
1161 1651 1188 1694 τε

188 1731 317 1798 ἐκδιδοῖ
338 1729 379 1808 ἐς,
393 1726 571 1796 θάλασσαν
594 1727 657 1815 τήν
674 1717 797 1815 μεταξύ
824 1733 886 1796 τού
901 1720 1147 1814 Ἑλλησπόντου

186 1855 223 1898 τε
240 1828 296 1897 καὶ
313 1833 375 1898 τού
392 1826 560 1911 Εὐξείνου
579 1827 714 1898 πόντου.
751 1833 854 1898 ἐνθεν
872 1827 910 1897 δέ
928 1829 961 1908 ἐς
976 1827 1148 1956 Ἕρμωτον
1222 1904 1230 1922 ·

187 1923 344 2017 άφίκετο,
374 1928 537 2010 Κολωνάς
567 1929 664 1999 πόλιν
693 1935 917 2020 παραμείψας.
959 1929 1077 1998 σκοποὶ
1109 1927 1148 1995 66

154 2047 170 2098 κ
188 2027 280 2122 αύτῳ
266 2030 486 2154 ἐπέμποντο
500 2029 565 2118 πρό
583 2033 645 2099 τού
664 2030 925 2120 στρατεύματος
943 2028 1148 2098 καὶτούτων

186 2124 322 2258 ηγεμύν
346 2121 391 2217 ἦν
418 2127 624 2218 Ἀμύντας“
608 2157 625 2199 ο
655 2123 873 2219 Ἀρραβαίου,
906 2135 992 2254 ἔχων
1017 2157 1087 2198 των
1111 2155 1147 2198 τε
1159 2159 1188 2199 νο

189 2233 330 2318 ἑταίρων
353 2229 418 2317 την
442 2238 518 2318 ίλην
541 2228 603 2317 τὴν
629 2231 662 2312 ἐξ
683 2228 925 2318 Ἀπολλωνίας,
953 2205 992 2318 69
1011 2231 1147 2321 ἰλάρχης

186 2321 231 2418 66
249 2329 432 2420 Σωκράτης
447 2324 467 2425 ό
495 2327 686 2418 Σάθωνος,
705 2331 763 2400 καὶ
780 2336 848 2400 τῶν
865 2331 1067 2421 προδρόμων
1084 2358 1146 2400 κα-

189 2431 364 2520 λουμένων
395 2440 467 2512 ίλας
497 2432 669 2520 τέσσαρας.
716 2431 799 2501 κατά
831 2432 869 2501 66
904 2431 966 2519 την
996 2431 1147 2521 πάροδον

189 2538 347 2620 Πρίαπον
372 2531 470 2601 πόλιν
495 2534 695 2602 ἐνδοθεῖσαν
721 2531 805 2622 πρός
831 2539 900 2602 τῶν
927 2531 1147 2602 ἐνοικούντων

187 2631 267 2713 τούς
285 2633 586 2722 παραληψομένους
613 2631 785 2703 άπέστειλε
807 2631 873 2703 σύν
891 2633 1082 2728 Πανηγόρῳ
1100 2639 1146 2725 τῷ
1159 2661 1187 2702 65

154 2849 172 2900 8
267 2785 413 2923 Περσιόύ
437 2834 476 2903 66
494 2827 717 2923 στρατηγοὶ
694 2789 785 2922 ηόαν
802 2832 967 2925 Ἀρσάμης
985 2836 1040 2904 καὶ
1060 2829 1148 2906 Ῥεο-

189 2941 315 3025 μίθρης
339 2935 396 3004 καὶ
420 2943 564 3022 Πετίνης
592 2935 648 3002 καί
673 2935 828 3023 Νιφάτης
850 2938 907 3004 καί
931 2935 994 3018 ξύν
1019 2937 1149 3015 τούτοις

191 3035 422 3125 Σπιθριδάτης
452 3029 470 3104 6
501 3041 631 3114 Λυδίας
662 3036 718 3103 καὶ
737 3033 866 3117 Ἰωνίας
892 3035 1061 3126 σατράπης
1092 3038 1148 3105 καί

186 3133 337 3223 Ἀρσίτης
354 3133 373 3204 6
391 3139 450 3222 της
468 3134 552 3224 πρός
566 3133 799 3228 Ἑλλησπόντῳ
819 3144 970 3228 Φρυγίας
987 3136 1146 3227 ύπαρχος.
1160 3169 1187 3211 ω

189 3229 282 3306 οὗτοι
306 3235 344 3305 66
368 3235 451 3325 πρὸς
478 3242 598 3326 Ζελείᾳ
628 3235 722 3306 πόλει
750 3239 1149 3328 κατεστρατοπεδευκότες

189 3330 277 3426 ἦσαν
295 3335 358 3420 ξύν
376 3340 416 3427 τῇ
435 3341 526 3431 ἵππῳ
543 3362 580 3406 τε
596 3342 638 3428 τῇ
655 3343 845 3430 βαρβαρικῇ
863 3339 919 3408 καὶ
935 3354 1005 3420 τοῖς
1014 3339 1151 3428 Ἕλλησι
1177 3435 1180 3442 Ι
