2572 3920
192 199 214 262 4
545 191 797 253 ελεΞιιιΔΡου

194 340 323 428 φάλαγξ
339 341 548 428 προσμίξασα
562 333 604 405 οά
620 340 772 424 χαλεπῶς
782 333 921 416 ἐξέωσεν
931 335 966 402 ἐκ
976 339 1033 420 τῆς
1047 333 1156 420 χῶρας

195 440 398 532 ἀνθρώπους
425 437 544 522 ψιλοῦς
566 438 623 506 καὶ
646 443 755 516 κακῶς
779 433 1008 522 ὡπλισμένους
1026 433 1154 520 βαρβά-

196 570 289 631 ρους,
308 541 393 610 ῶστε
404 535 624 626 Ἀλέξανδρον
637 536 702 607 άπὸ
719 540 779 606 τοῦ
796 534 974 624 εὐωνύμου
991 535 1157 619 ἐπάγοντα

196 641 309 712 οὐκέτι
319 639 578 728 ἐδεξαντο,άλλά
589 643 745 729 ῥίψαντες
756 635 800 718 ῶς
811 637 958 717 ἑκάστοις
969 635 1158 725 προάχῶρει

195 743 236 814 τά
255 743 344 814 ὅπλα
361 741 451 818 κατά,
461 748 523 812 τοῦ
540 741 641 831 ὅρους
660 731 798 828 ἔφυγον.
830 740 886 808 καὶ
904 735 1077 807 άπέθανον
1095 737 1158 825 μὲν
1183 761 1195 798 ι
1272 763 1273 828 j

196 841 311 914 αάτῶν
330 847 363 926 ἐς
376 851 502 933 χιλίους
516 844 572 912 καὶ
586 848 836 927 πεντακοσίους,
850 845 967 924 ζῶντες
982 840 1020 908 δέ
1037 836 1159 927 ἄνδρες
1272 887 1273 896 1

195 947 258 1034 μὲν
282 943 389 1032 ὀλίγοι
413 945 610 1033 ἐλήφθησαν
634 941 679 1012 δι’
708 941 860 1029 ῶκάτιγτα
885 943 942 1009 καλ
967 944 1025 1026 τῆς
1049 940 1159 1028 χώρας

197 1051 380 1136 ἐμπειρίαν,
394 1061 552 1134 γυναῖκες
568 1045 606 1114 δὲ
619 1042 694 1113 ὅσαι
712 1047 907 1126 ξυνείποντο
921 1038 1034 1121 αὐτοῖς
1054 1041 1158 1110 ἑάλω·
1272 1111 1273 1116 ,

197 1175 261 1218 σαν
278 1154 402 1234 πάσαι,
425 1146 538 1233 καλτδ
558 1146 716 1234 παιδάρια
739 1143 835 1233 καλὴ
861 1152 934 1213 λεία
952 1150 1044 1213 πάσα
1063 1143 1158 1210 ἑάλω.
1272 1171 1273 1220 j

154 1262 176 1326 2
270 1248 486 1338 Ἀλέξανδρος
511 1248 550 1317 δέ
566 1247 628 1336 τὴν
645 1247 707 1336 μὲν
725 1254 819 1316 λείαν
837 1243 944 1315 ὀπίσω
963 1243 1159 1331 ἀπέπεμψεν
1175 1267 1200 1307 ιο

198 1354 231 1431 ἐς
248 1349 307 1432 τάς
320 1351 431 1431 πόλεις
445 1345 503 1430 τὰς
524 1350 579 1420 ἐπὶ
595 1347 771 1438 θαλάσσῃ,
787 1355 943 1436 Λυσανίᾳ
956 1347 1012 1415 καὶ
1027 1339 1159 1434 Φιλώτᾳ

197 1451 371 1542 παραδοδς
382 1457 609 1522 διατίθεσθαι·
625 1448 727 1530 αὐτὸς
737 1449 775 1518 δέ
787 1447 825 1518 τδ
840 1448 944 1536 άκρον
957 1443 1160 1535 άπερβαλῶν

197 1553 317 1644 προῄει
335 1552 391 1623 διά
409 1561 470 1622 τοῦ
485 1564 598 1641 Αίμου
613 1554 647 1632 ἐς
666 1549 882 1640 Τριβαλλούς,
900 1551 957 1618 καὶ
973 1546 1161 1638 ἀφικνεῖται
1272 1545 1273 1548 '

199 1656 254 1724 ἐπὶ
271 1654 332 1724 τὸν
350 1655 501 1741 Λάγινου
519 1652 682 1740 ποταμόν·
708 1650 821 1740 άπὲχει
842 1651 881 1720 δὲ
897 1643 996 1730 οὗτος
1014 1649 1080 1719 άπδ
1098 1654 1160 1720 ποῶ
1272 1645 1273 1720 ζ

186 1756 322 1846 Ἴστρου
355 1749 399 1836 ῶς
431 1757 485 1826 ἐπὶ
514 1754 576 1824 τδν
600 1752 710 1844 Αἶμον
742 1753 828 1823 ίόντι
858 1752 1031 1842 σταθμούς
1060 1767 1160 1839 τρεῖς.
1174 1777 1201 1819 15

164 1854 336 1946 κΣάρμος
360 1856 398 1926 δὲ
420 1851 438 1926 ὁ
462 1858 532 1926 τῶν
560 1861 753 1943 Τριβαλλῶν
775 1855 949 1943 βασιλεύς,
974 1857 1010 1924 ἐκ
1034 1859 1161 1922 πολλοῦ

199 1957 458 2046 πυνθανόμενος
472 1965 534 2028 τοῦ
545 1954 768 2040 Ἀλεξάνδρου
782 1955 843 2026 τὸν
852 1961 983 2044 στόλον,
997 1971 1161 2042 γυναῖκας

198 2059 261 2146 μὲν
279 2060 335 2128 καλ
349 2065 472 2140 παῖδας
489 2065 558 2128 τῶν
577 2064 773 2148 Τριβαλλῶν
791 2056 1013 2148 προῦπεμψεν
1031 2057 1085 2126 ἐπὶ
1101 2055 1162 2124 τδν

189 2160 341 2248 Ἵστρον,
367 2165 551 2247 διαβαίνειν
572 2159 732 2238 κελεάσας
754 2157 815 2228 τδν
838 2158 988 2246 ποταμὸν
1007 2161 1039 2239 ἐς
1056 2157 1163 2245 νῆσόν

165 2277 182 2327 3
198 2289 272 2330 τινα
289 2265 357 2330 τῶν
376 2263 412 2330 ἐν
429 2267 476 2354 τῷ
487 2259 625 2352 Ἴστρῳ·
645 2259 761 2347 Πεάκη
779 2259 885 2348 ὄνομα
898 2259 1046 2352 τῇνήσιμ
1061 2263 1160 2328 ἐστίν.
1174 2285 1202 2326 ιο

201 2367 234 2442 ἐς
251 2361 377 2449 ταύτην
395 2361 433 2430 δέ
451 2359 513 2448 τὴν
530 2367 635 2447 νῆσον
652 2361 710 2429 καλ
726 2366 760 2430 οἱ
779 2367 907 2451 Θρᾷκες
924 2366 960 2430 ολ
975 2361 1165 2450 πρόσχωροι

198 2477 269 2543 τοῖς
304 2470 500 2552 Τριβαλλοῖς
530 2463 757 2552 προσάγοντος
784 2460 1004 2547 Ἀλεξάνδρου
1032 2483 1163 2549 συμπε·
1272 2483 1273 2488 ’

200 2563 364 2652 φενγάτες
382 2557 470 2648 ἦσαν
487 2564 543 2632 καὶ
568 2561 670 2644 αάτδς
688 2562 706 2632 ὁ
726 2563 865 2653 Σάρμος
884 2567 917 2644 ἐς
934 2563 1060 2651 ταύτην
1078 2567 1163 2650 ξυμ-

201 2665 361 2752 πεφεύγει
383 2664 446 2747 ξδν
472 2679 541 2746 τοῖς
565 2663 651 2753 ἄμφ’
671 2659 791 2734 αὐτόν·
817 2663 854 2734 τά
873 2664 912 2733 δὲ
928 2663 1015 2734 πολι)
1034 2671 1164 2749 πλῆθος

200 2772 269 2834 τῶν
299 2771 495 2855 Τριβαλλῶν
527 2771 655 2854 ἔφυγεν
687 2763 796 2836 ὀπίσω
830 2766 885 2834 ἐπὶ
915 2765 975 2835 τδν
1001 2765 1163 2855 ποταμόν,
1177 2787 1204 2832 ιε

202 2872 368 2956 ἔνθενπερ
386 2873 428 2958 τῇ
446 2875 628 2958 προτεραίᾳ
646 2865 786 2956 ῶρμήθη
808 2863 1032 2956 Ἀλέξανδρος.

167 2983 185 3032 4
273 2967 330 3048 Ὡς
349 2968 387 3036 δὲ
404 2975 531 3058 ἔμαθεν
544 2965 658 3038 αὐτῶν
676 2967 739 3054 τὴν
752 2963 872 3056 ὁρμήν,
888 2963 946 3036 καὶ
962 2966 1063 3049 αάτδς
1076 2966 1166 3036 ὑπο·

134 3083 136 3088 ’
203 3070 348 3159 στρέψας
371 3068 408 3138 τδ
433 3075 573 3158 ἔμπαλιν
598 3070 652 3136 ἐπὶ
673 3067 754 3148 τους
777 3068 983 3160 Τριβαλλοδς
1006 3061 1084 3157 ἦγε,
1109 3071 1166 3138 καί

202 3169 447 3259 καταλαμβάνει
460 3169 869 3259 καταστρατοπεδεύοντας
883 3169 957 3258 ἤδη.
988 3172 1044 3238 καὶ
1058 3176 1093 3240 oc
1103 3171 1167 3258 μὲν

203 3273 475 3360 καταληφθέντες
493 3269 576 3359 πρὸς
593 3275 641 3363 τῶ
659 3269 816 3364 νάπει-τῶ
830 3271 920 3358 παρά
937 3270 997 3340 τδν
1016 3271 1167 3360 ποταμδν
1181 3299 1206 3338 ιο

204 3369 468 3465 παρετάσσοντο·
480 3370 697 3460 Ἀλέξανδρος
711 3372 750 3441 δέ
762 3373 818 3442 καὶ
832 3371 936 3452 αὐτὸς
948 3371 1010 3460 τὴν
1023 3373 1086 3462 μέν
1099 3373 1167 3462 φά-

145 3468 149 3474 ’
204 3485 313 3564 λαγγα
332 3477 364 3556 ἐς
382 3475 489 3564 βάθος
508 3473 642 3556 ἐκτάξας
661 3477 781 3562 ἐπῆγε,
804 3470 885 3555 τοάς
903 3474 1036 3558 τοξότας
1056 3475 1094 3544 δέ
1110 3475 1167 3544 καὶ
