2620 3924
221 131 283 196 170
572 129 829 188 ελεωεαιεον

220 288 515 376 σατραπεύσαντος
551 287 609 354 καὶ
636 283 817 374 Ἐπιμένην
858 287 920 358 τὸν
955 285 1095 378 Ἀρσέον
1133 290 1197 356 καὶ
1293 303 1294 328 ³

216 390 388 460 Ἀντικλέα
404 388 465 457 τὸν
483 381 665 474 Θεοκρίτου
683 389 741 456 καὶ
761 387 917 458 Φιλύταν
933 389 994 458 τδν
1017 390 1196 478 Κάρσιδος
1293 403 1294 486 ᾗ

221 493 281 560 τού
314 488 457 591 Θρμκός.
503 483 548 568 ύς
582 480 647 557 οὖν
681 491 838 579 περιῆκεν
865 493 898 570 ἐς
923 485 1196 579 Ἀντίιτατρονὴ

221 591 400 680 νυκτερινὴ
433 589 590 678 φυλακή,
622 588 730 678 ταύτῃ
765 593 807 677 τῇ
839 593 940 658 νυκτὶ
970 593 1196 678 ξυγκείμενον

222 691 309 761 εἶναι
344 691 537 760 ἀποκτεῖναι
568 689 807 779 Ἀλέξανδρον,
846 694 1042 784 κοιμωμένῳ
1075 695 1220 762 ἔπιτε-5

224 791 355 872 σόντας.
1067 859 1070 864 .

187 913 206 962 5
299 896 475 981 ,Ξυμβῆναι
501 891 540 962 δὲ
566 896 603 959 οί
624 891 688 978 μέν
714 889 911 978 αύτομάτως
935 893 1093 980 λέγουσιν
1118 900 1193 962 ἔστε

223 993 351 1081 ἡμέραν
377 999 489 1062 πίνειν
510 991 747 1078 Ἀλέξανδρον·
777 990 1033 1081 Ἀριστόβουλος
1059 994 1098 1063 δέ
1123 987 1193 1063 ὦδε

225 1095 404 1181 ἀνέγραψε.
441 1092 562 1180 Σύραν
586 1107 733 1178 γυναῖκα
760 1095 961 1182 ἐφομαρτεῖν
982 1094 1191 1188 Ἀλεξάνδρω

223 1195 366 1282 κάτοχνν
393 1197 431 1263 έκ
457 1195 517 1263 τού
543 1200 643 1263 θείου
668 1196 886 1282 γιγνομένην·
914 1197 971 1264 καὶ
995 1197 1124 1284 ταύτην
1149 1195 1188 1264 τό
1204 1223 1231 1263 ιο

222 1296 287 1383 μὲν
312 1301 449 1385 πρῶτον
473 1295 604 1381 γέλωτα
630 1292 716 1363 εἶναι
739 1289 949 1386 Ἀλεξάνδρῳ
974 1323 1011 1365 τε
1036 1300 1092 1364 καὶ
1118 1312 1190 1376 τοῖς

223 1393 311 1484 ἀμφ’
341 1395 464 1466 αύτόν·
493 1394 538 1475 ἀς
565 1395 604 1464 δὲ
629 1394 669 1462 τά
697 1395 808 1463 πάντα
831 1399 869 1464 έν
893 1399 935 1485 τῇ
959 1400 1084 1485 κατοχῇ
1106 1395 1190 1485 ἀλη-

222 1498 377 1566 θεύουσα
404 1499 578 1583 ἐφαίνετο,
605 1495 721 1564 ούκέτι
738 1493 936 1583 ἀμελεῖσθαι
951 1491 1016 1566 ἀπ’
1033 1496 1191 1580 Ἀλεξάν-

224 1602 328 1684 δρου,
362 1593 440 1664 ἀλλ’
475 1594 562 1666 εἶναι
596 1595 664 1682 γάρ
696 1601 737 1684 τῇ
767 1596 869 1688 Σύρα
901 1599 1072 1687 πρόσοδον
1105 1599 1190 1687 πρὸς
1293 1679 1294 1700 ¹

223 1697 283 1766 τδν
314 1697 452 1785 βασιλέα
489 1698 546 1765 καὶ
578 1696 713 1784 νύκτωρ
747 1699 804 1766 καὶ
838 1698 917 1785 μεθ’
948 1699 1097 1788 ἡμέραν,
1133 1701 1189 1768 καὶ
1205 1727 1230 1766 15

187 1817 207 1866 ο
225 1799 426 1870 καθεύδοντι
444 1797 603 1879 πολλάκις
620 1797 683 1885 ἤδη
703 1800 884 1883 ἐπιστῆναι.
917 1803 974 1868 καὶ
988 1802 1030 1888 δὴ
1044 1802 1100 1870 καὶ
1116 1800 1191 1872 τότε
1293 1859 1294 1894 ,

224 1898 525 1987 ἀπαλλασσομένου
554 1903 591 1969 ἐκ
617 1904 679 1967 τοῦ
706 1897 812 1966 πότου
831 1902 1055 1990 κατεχομένην
1075 1905 1111 1970 ἐκ
1127 1905 1189 1970 τού
1293 1925 1294 1948 ³

220 2007 323 2070 θείου
340 2004 506 2088 ἐντυχεῖν,
520 2002 577 2068 καλ
590 2005 724 2068 δεῖσθαι
738 2001 969 2070 ἐπανελθόντα
983 2009 1094 2071 πίνειν
1107 2000 1190 2088 ὅλην

221 2101 287 2187 τὴν
304 2101 425 2170 νύκτα·
443 2102 501 2168 καὶ
511 2099 729 2188 Ἀλέξανδρον
745 2100 845 2168 θεῖόν
862 2127 894 2169 τι
908 2101 993 2179 εἶναι
1005 2109 1191 2190 νομίσαντα
1293 2101 1294 2160 ἶ

224 2203 426 2271 ἐπανελθεῖν
443 2226 479 2268 τε
496 2201 553 2266 καὶ
570 2207 699 2287 πίνειν,
723 2201 780 2269 καὶ
798 2199 887 2270 οὕτω
905 2217 976 2282 τοῖς
994 2206 1089 2272 παισὶ
1114 2209 1188 2271 δια·
1202 2229 1229 2267 εο

224 2315 339 2370 πεσεῖν
364 2300 411 2369 τδ·
428 2306 539 2388 ἔργον.
1087 2299 1089 2304 ’
1293 2373 1294 2388 ,

187 2419 206 2468 ’1
307 2403 355 2491 Τῇ
375 2400 413 2470 δὲ
431 2395 595 2490 ὑστεραίῃ
615 2398 789 2490 Ἐπιμένης
808 2401 826 2470 ὁ
842 2401 981 2493 Ἀρσέου
999 2411 1069 2473 τῶν
1092 2423 1191 2492 μετε-

118 2525 124 2534 ·
224 2502 355 2589 χύντων
381 2507 438 2588 τῆς
466 2505 646 2589 ἐπιβουλῆς
670 2503 784 2591 φράζει
807 2501 1015 2594 τήν“πρᾶξιν
1033 2513 1195 2594 Χαρικλεῖ

223 2607 271 2692 τῷ
292 2599 513 2690 Μενάνδρου,
540 2604 663 2691 ἐραστῇ
684 2605 807 2671 ἑαυτοῦ
825 2605 991 2690 γεγονότι·
1023 2607 1192 2694 Χαρικλῆς

225 2703 263 2772 δὲ
291 2701 404 2791 φράζει
432 2701 621 2795 Εύρυλόχφ
648 2708 696 2795 τῷ
722 2701 860 2794 ἀδελφῷ
891 2709 952 2772 τοῦ
983 2703 1190 2793 Ἐπιμένους.
1205 2732 1232 2772 25

224 2805 281 2872 καὶ
306 2801 324 2870 ὁ
345 2801 541 2894 Εὐρύλοχος
567 2801 680 2874 ἐλθών
700 2804 755 2872 ἐπὶ
780 2802 845 2890 τὴν
871 2805 999 2893 σκηνὴν
1021 2806 1083 2892 τὴν
1097 2801 1191 2876 'Ake-

225 2903 372 2988 ξάνδρου
400 2912 600 2994 Πτολεμαίῳ
627 2909 675 2994 τῷ
703 2903 822 2988 Λάγου
855 2909 902 2995 τῷ
931 2907 1193 2994 σωματοφύλακι

224 3005 400 3090 καταλέγει
413 3003 504 3074 ἀπαν
522 3003 559 3072 τὸ
576 3009 728 3092 πρᾶγμα·
748 2999 822 3071 ὁδέ
833 3001 1041 3100 Ἀλεξάνδρῳ
1056 3011 1191 3093 ἔφρασε.

224 3105 281 3173 καὶ
297 3102 515 3192 Ἀλέξανδρος
542 3105 722 3190 ξυλλαβεῖν
748 3103 878 3174 κελεύει
904 3098 953 3175 ὧν
978 3108 1019 3175 τά
1044 3104 1193 3195 ὀνόματα

225 3202 319 3274 εἶπεν
338 3202 357 3272 ὁ
375 3203 589 3292 Εὐρύλοχος·
615 3211 676 3274 καί
698 3193 793 3274 οὗτοι
818 3207 1075 3296 στρεβλούμενοι
1093 3210 1192 3295 σφῶν
1205 3236 1231 3275 οι

225 3331 262 3374 τε
287 3301 402 3387 αύτιὸν
434 3320 594 3374 κατεῖπον
625 3305 687 3392 τὴν
715 3307 899 3394 ἐπιβουλὴν
930 3317 990 3378 καί
1019 3337 1110 3390 τινας
1136 3309 1191 3376 καὶ

225 3403 351 3484 ἀλλους
379 3400 569 3494 ὠνόμασαν.
