2546 3920
198 113 263 182 318
553 109 806 170 ιεεκεκιεου

198 271 259 341 τὸν
285 270 389 356 λόγον
406 271 444 340 έν
460 267 524 357 μὲν
540 273 588 360 τῷ
605 268 681 338 τότε
696 265 923 356 άμεληδῆναι·
955 264 1106 356 ὕστερον
1124 267 1182 355 δέ,

201 369 315 457 ἐπειδὴ
350 369 562 457 ἐτελεύτησεν
595 371 632 438 έν
657 371 842 458 Βαβυλῶνι
862 366 1104 458 Ἀλέξανδρος,
1141 373 1182 448 ἐς

199 471 336 562 μνήμην
354 473 469 542 έλθείν
484 473 555 540 τῶν
571 467 807 556 ἀκουσάντων,
824 467 876 539 ὅτι
893 471 949 540 έπλ
966 473 1009 558 τῇ
1027 476 1180 559 τελευτῇ

200 571 267 663 άρα
292 577 336 662 τῇ
358 570 582 660 Ἀλεξάνδρου
610 569 782 660 ἐθειάσθη.

154 679 193 746 19
280 673 494 757 Παρελθόντι
525 669 558 739 δ’
594 669 688 760 αύτῷ
717 673 752 752 ές
777 671 970 758 Βαβυλῶνα
996 677 1204 759 πρεσβείαιε

202 773 294 861 παρά
308 776 377 842 τῶν
387 771 554 861 Ἑλλήνων
568 773 739 858 ἐνέτυχον,
756 768 845 860 ὑπὲρ
858 770 947 841 ὅταν
958 770 1024 859 μεν
1037 773 1177 841 ἕκαστοι

202 872 487 962 πρεσβευσάμενοι
503 870 568 942 ούκ
584 870 851 961 ἀναγέγραπται·
878 877 991 942 δοκεῖν
1004 870 1038 940 δ’
1059 876 1178 960 ἔμοιγε

202 981 242 1045 αι’
266 976 388 1044 πολλαί
415 971 676 1060 στεφανούντων
700 999 737 1042 τε
762 969 870 1042 αύτόν
892 962 980 1058 ἦσαν
996 973 1055 1042 καί
1074 975 1175 1042 ἐπαι-

202 1074 360 1146 νούντων
386 1074 442 1144 eui
457 1087 532 1154 ταῖς
549 1079 658 1152 νίκαις
674 1087 750 1153 ταίς
766 1099 802 1142 τε
818 1071 934 1153 ἄλλαις
951 1074 1009 1142 καλ
1027 1072 1175 1161 μάλιστα

201 1191 277 1256 ταίς
285 1173 453 1260 Ἰνδικαῖς,
466 1175 524 1244 καί
538 1170 589 1242 ὅτι
602 1176 688 1254 σύος
702 1172 859 1256 έξΊυδῶν
869 1173 1029 1262 ἐπανήκει
1040 1181 1176 1264 χαίρειν
1187 1199 1209 1238 ιο

203 1276 416 1366 φασκόντων.
467 1275 524 1344 καί
550 1270 694 1354 τούτους
711 1274 955 1362 δεξιωσάμενός
980 1300 1016 1344 τε
1041 1277 1102 1344 καλ
1127 1275 1172 1344 τά

168 1389 186 1438 2
204 1377 317 1448 εἰκότα
333 1374 471 1464 τιμήσας
489 1373 684 1463 ἀποπέμψαι
702 1372 810 1444 ὀπίσω
828 1377 968 1461 λέγεται.
1011 1372 1116 1456 ὅσους
1133 1376 1174 1446 δὲ

203 1475 408 1566 ἀνδριάντας
433 1472 455 1563 ἢ
481 1473 544 1545 ὅσα
570 1473 746 1563 άγάλματα
770 1469 793 1564 ἢ
818 1481 851 1544 εί
871 1476 914 1562 δή
931 1502 962 1544 τι
979 1473 1064 1547 ἄλλο
1083 1474 1172 1546 άνά·

202 1588 297 1665 δημα
330 1579 366 1645 ἐκ
390 1578 450 1663 τῆς
464 1573 623 1656 Ἑλλάδος
640 1576 765 1665 Ξέρξης
783 1574 981 1664 ἀνεκόμισεν
1000 1579 1034 1657 ἐς
1052 1584 1170 1666 Βαβυ-

202 1683 296 1747 λῶνα
313 1673 336 1763 ἦ
354 1678 388 1757 ἐς
408 1675 636 1766 Πασαργάδας
652 1673 674 1763 ἣ
693 1679 727 1756 ές
746 1680 866 1746 Σόῦσα
881 1672 903 1763 ἢ
921 1673 988 1765 ὅπη
1006 1675 1095 1766 άλλη
1112 1681 1171 1762 τῆς
1183 1703 1204 1741 ιτ

200 1777 328 1866 Ἀσίας,
353 1781 460 1848 ταῦτα
486 1782 609 1848 δοῦναι
626 1774 721 1864 ἄγειν
737 1793 809 1857 τοῖς
826 1776 999 1866 πρέσβεσι·
1035 1778 1094 1846 καὶ
1111 1777 1171 1858 τάς

199 1873 380 1970 ’Λρμοδίου
413 1879 471 1948 καί
493 1877 772 1968 Ἀριστογείτονος
798 1876 932 1958 εἰκόνας
957 1877 1017 1958 τὰς
1043 1885 1171 1965 χαλκᾶς
1252 1873 1253 1929 λ

202 1977 292 2052 οὕτω
326 1980 456 2066 λέγεται
491 1977 720 2066 ἀπενεχθῆναι
745 1976 854 2048 ὀπίσω
881 1979 915 2058 ές
938 1975 1085 2064 Ἀθήνας
1112 1982 1170 2048 καλ
1251 2007 1252 2083 χ

202 2086 262 2169 τῆς
285 2076 473 2168 Ἀρτέμιδος
497 2083 556 2166 τῆς
582 2085 750 2158 Κελκαίας
775 2077 813 2148 τό
840 2079 925 2159 ἕδος.

168 2195 185 2244 8
280 2183 451 2268 Κατέλαβε
477 2178 515 2248 δδ
543 2181 580 2248 έν
605 2181 804 2269 Βαβυλῶνι,
837 2177 884 2259 (ός
909 2180 997 2266 λέγει
1019 2178 1203 2270 Ἀριστό-ιο

202 2288 344 2370 βουλος,
376 2282 434 2348 καλ
458 2279 498 2349 τὸ
523 2280 697 2369 ναυτικόν,
728 2279 766 2350 τό
792 2278 856 2368 μὲν
885 2279 971 2349 κατά
1002 2279 1063 2350 τὸν
1096 2278 1168 2351 Εύ-
1248 2263 1250 2394 Ι

204 2381 338 2470 φράτην
364 2380 515 2470 ποταμόν
541 2378 797 2460 ἀναπεπλευκὸς
821 2379 888 2450 άπὸ
910 2380 1087 2469 θαλάσσης
1110 2388 1169 2469 τῆς

204 2486 393 2571 Περσικῆς,
425 2479 445 2551 ό
478 2509 510 2550 τι
536 2506 598 2571 περ
625 2481 692 2552 σύν
719 2481 864 2574 Νεάρχῳ
895 2472 954 2570 ἦν·
994 2480 1033 2551 τό
1067 2481 1106 2551 δὲ
1132 2486 1170 2552 ἐκ

206 2588 366 2670 Φοινίκης
391 2581 708 2670 ἀνακεκομισμένον,
735 2582 908 2671 πεντήρεις
930 2582 994 2671 μὲν
1019 2583 1082 2653 δύο
1100 2587 1169 2652 τῶν

205 2685 242 2753 ἐκ
257 2689 439 2770 Φοινίκων,
456 2682 623 2772 τετρήρεις
641 2682 680 2752 δὲ
697 2697 798 2771 τρεῖς,
815 2681 959 2772 τριήρεις
973 2683 1012 2752 δὲ
1025 2683 1167 2771 δυόδεκα,
1181 2711 1203 2752 τε

203 2783 461 2872 τριακοντόρους
479 2783 518 2852 δλ
536 2786 570 2863 ές
586 2783 783 2870 τριάκοντα·
822 2783 947 2864 ταύτας
965 2785 1168 2872 ξυντμηθεί·

174 2881 179 2890 “
205 2903 267 2964 σας
293 2889 493 2973 κομισθῆναι
513 2884 567 2953 έπλ
583 2884 645 2952 τὸν
662 2882 850 2972 Εὐφράτην
867 2884 1019 2971 ποταμὸν
1037 2887 1074 2954 έν
1092 2895 1169 2956 Φοι·
1244 2855 1246 3004 l

204 2993 303 3071 νίκης
319 2989 353 3064 ές
363 2985 527 3066 Θάψακον
540 2983 651 3070 πόλιν,
666 2988 737 3054 ἐκεῖ
748 2984 787 3052 δὲ
800 2985 1054 3072 ξυμπηχθείσας
1067 2977 1168 3066 αὖθις

169 3103 188 3154 4
205 3087 435 3154 καταπλεῦσαι
461 3087 495 3163 ἐς
513 3089 714 3172 Βαβυλῶνα.
758 3084 858 3170 λέγει
872 3083 911 3154 δὲ
929 3083 980 3154 ὅτε
996 3086 1052 3154 καλ
1070 3084 1167 3167 ἄλλος

205 3181 298 3277 αύτῷ
318 3189 537 3271 ἐναυπηγεῖτο
555 3184 673 3264 στόλος
688 3183 844 3273 τέμνοντι
859 3185 921 3266 τὰς
938 3194 1166 3272 κυπαρίσσους
1178 3215 1199 3254 α

203 3287 265 3364 τὰς
285 3289 321 3352 έν
338 3287 379 3369 τῇ
394 3291 616 3373 Βαβυλωνίᾳ·
643 3285 775 3355 τούτων
792 3285 858 3372 γὰρ
875 3286 992 3374 μόναν
1010 3292 1078 3356 τῶν
1091 3288 1166 3356 δέν-

205 3390 298 3470 δραυ
324 3379 487 3471 εὐπορίαν
515 3381 603 3450 εἶναι
630 3386 667 3452 έν
692 3387 733 3472 τῇ
761 3385 855 3476 χώρᾳ
880 3389 950 3456 τῶν
970 3386 1167 3477 Ἀσσυρίαν,
