2546 3920
135 94 139 102 Ι
220 140 284 204 332
580 135 834 197 εεεωιιιιεου

220 299 426 379 ξυντεθέντα
459 294 481 386 ἣ
506 295 759 386 ὁμολογηθέντα
785 295 932 384 φυλάξαι
957 297 1197 385 βεβαιότατος,

221 400 306 485 πρὸς
324 399 362 468 δὲ
379 403 449 468 τοῖν
464 397 706 480 ἐξαπατώντων
719 396 765 488 μή
778 396 907 467 ἁλῶναι
919 395 1196 484 ἀσφαλέστατος·

222 499 399 588 χρημάτων
413 498 452 569 δέ
467 503 500 578 ἐς
518 500 581 586 μὲν
594 492 719 586 ήδονὰς
733 496 793 578 τάς
806 497 913 568 αότοῦ
927 498 1196 587 φειδωλότατος,

215 601 257 680 -ἐς
283 600 322 670 δέ
349 599 503 670 εάποιίαν
529 603 599 668 τών
624 599 730 679 πέλας
755 597 1006 686 ἀφθονώτατος.

169 703 211 768 29
262 773 266 778 ,
300 708 345 771 Ec
370 701 412 770 δέ
434 729 465 770 τι
485 699 722 789 ἐπλημμελήθη
736 697 943 792 Ἀλεξάνδρῳ
967 698 1013 768 δι’
1042 698 1217 786 όξότηταε

220 795 241 886 ἦ
267 797 330 870 ἀπ’
359 798 475 890 ἀργῆς,
500 797 522 888 ἢ
540 811 575 870 εί
587 827 620 869 τι
637 802 670 882 ἐς
687 799 725 868 τό
745 799 1013 891 ὑπερογκότερον
1031 801 1194 888 προήχθη

220 909 435 990 βαρβαρίσαι,
449 899 491 971 οό
505 901 633 988 μεγάλα
646 909 781 988 τίθεμαι
797 907 912 990 ἔγωγε,
926 909 959 971 εἰ
969 901 1032 988 τήν
1046 901 1208 988 νεότητάΙ

220 1004 259 1070 τέ
281 1029 330 1082 τις
355 1001 416 1090 τήν
439 1001 661 1092 Ἀλεξάνδρου
687 999 733 1090 μή
759 1001 953 1082 ἀνεπιεικῶς
977 1005 1192 1090 ἐνθυμηθείη

221 1105 279 1170 καὶ
296 1101 334 1170 τό
355 1102 503 1191 διηνεκὲς
520 1106 580 1190 τῆς
601 1101 761 1188 εὐτυχίας
782 1104 839 1172 καὶ
853 1103 933 1182 τούς
947 1103 1032 1192 πρός
1045 1101 1192 1190 ἡδονήν,

221 1202 286 1272 οάκ
314 1205 369 1272 ἐπὶ
395 1209 441 1296 τῷ
458 1211 634 1294 βελτίστῳ,
662 1217 733 1283 τοῖς
759 1208 933 1292 βασιλεύοι
959 1204 1131 1285 ξυνόντας
1158 1231 1192 1272 τε
1204 1233 1222 1272 ιι

220 1305 277 1372 καί
306 1306 360 1373 ἐπὶ
386 1309 479 1398 κακῷ
506 1305 768 1393 ξυνεσομένους·
805 1303 891 1373 ἀλλά
917 1309 1140 1392 μεταγνῶναί
1153 1331 1191 1391 γε

222 1402 278 1492 ἐφ’
298 1400 349 1485 οἷς
369 1407 599 1494 ἐπλημμέλησε
615 1404 709 1498 μόνφ
724 1404 801 1474 οἶδα
818 1408 888 1474 τών
906 1406 1009 1474 πάλαι
1020 1406 1190 1493 βασιλέων

188 1503 428 1598 νἈλεξάυδρφ
446 1505 604 1595 ἁπάρξαν
621 1505 690 1577 ἁπό
709 1505 953 1594 γενναιότητος.
993 1512 1029 1576 οί
1044 1505 1084 1574 δέ
1101 1515 1189 1576 πολ-

222 1612 289 1692 λοί,
316 1613 348 1675 εί
372 1614 432 1675 καί
456 1633 487 1675 τι
514 1613 669 1693 ἔγνωσαν
695 1607 1001 1696 πλημμελήσαντες,
1028 1611 1064 1675 οί
1084 1606 1125 1676 δὲ
1143 1613 1190 1698 τῷ

222 1721 425 1796 προηγορεῖν
452 1705 573 1794 αὐτοῦ,
601 1707 648 1788 ἁς
673 1713 785 1788 καλῶς
803 1707 845 1795 δή
863 1709 1087 1797 πραχθέντος,
1115 1711 1219 1777 ἐπι-ιε

221 1808 365 1894 κρύψειν
385 1818 513 1878 οῖονται
530 1809 593 1896 τήν
606 1808 785 1898 ἁμαρτίαν,
805 1812 917 1888 κακῶς
932 1807 1190 1896 γιγνώσκοντες.’

220 1909 309 1998 μόνη
327 1908 392 1998 γὰρ
412 1915 522 1997 ἔμοιγε
540 1915 646 1978 δοκεῖ’
659 1920 745 1990 ἴασις
771 1906 938 1998 ἁμαρτίας
956 1907 1139 1998 ὁμολογεῖν
1155 1937 1189 1977 τε

221 2008 415 2097 ἁμαρτόντα
432 2011 489 2078 καὶ
504 2012 607 2097 δῆλον
621 2009 709 2080 εἶναι
722 2012 763 2078 ἐπ
777 2009 870 2102 αὐτῷ
884 2011 1188 2098 μεταγινώσκοντα,

222 2108 265 2189 ἁς
283 2125 355 2188 τοῖς
369 2113 524 2178 παθοῦσί
539 2136 575 2178 τε
588 2109 686 2198 ἀχαρι
700 2108 740 2178 οά
755 2111 863 2197 πάντη
876 2111 1003 2198 χαλεπὰ
1016 2110 1059 2180 τὰ
1073 2111 1187 2197 παθή-

220 2236 308 2290 ματα
334 2210 536 2297 φαινόμενα,
563 2218 595 2282 εί
620 2210 638 2280 ὁ
667 2209 794 2299 δράσας
821 2209 905 2280 αὐτὰ
930 2213 1120 2301 ξυγχωροίη
1140 2210 1219 2279 ὅτευ

221 2307 261 2378 οὐ
289 2307 375 2376 καλὰ
405 2315 559 2399 ἔδρασεν,
586 2308 680 2402 αὐτῷ
706 2312 745 2379 τέ
759 2337 824 2378 τινι
851 2313 884 2390 ἐς
902 2312 939 2380 τὸ
957 2313 1084 2398 μέλλον
1101 2311 1188 2381 ταό-

219 2437 280 2497 την
315 2413 434 2478 ἐλπίδα
466 2408 604 2498 ἀγαθήν
635 2409 916 2499 ἀπολειπομένην,
949 2413 995 2500 μή
1029 2437 1111 2482 ποτε
1147 2409 1189 2481 ἀν

220 2510 456 2599 παραπλήσιόν
481 2539 513 2578 τι
539 2509 712 2601 ἁμαρτεῖν,
740 2519 773 2583 εί
797 2527 869 2591 τοῖς
895 2510 1047 2606 πρόσθεν
1075 2522 1189 2602 πλημ-

186 2625 201 2674 3
219 2618 415 2698 μεληθεῖσιυ
428 2609 614 2699 ἀχθόμενος
633 2620 797 2698 φαίνοιτο.
825 2610 875 2682 ὅτι
892 2612 930 2682 δέ
949 2621 998 2694 είς
1020 2615 1108 2682 θεὸν
1126 2615 1189 2701 τήν

219 2711 351 2798 γένεσιν
374 2711 435 2800 τήν
454 2709 563 2782 αὰτοό
581 2711 755 2804 ἀνέφερεν,
784 2709 981 2782 οὐδὲτοῦτο
1001 2716 1074 2802 ἐμοὶ
1095 2720 1191 2784 δοκεῖ
1200 2741 1220 2782 υ

219 2810 305 2882 εἶναι
322 2813 408 2900 μέγα
426 2811 520 2906 αὐτῷ
538 2811 576 2883 τό
594 2817 829 2902 πλημμέλημα,
854 2814 946 2902 εἰμὴ
964 2817 1021 2884 καὶ
1039 2815 1189 2903 σόφισμα

217 2903 260 2999 ἦν
292 2914 399 2999 τυχόν
435 2917 468 2994 ές
501 2915 583 2994 τούς
615 2913 790 3002 ἁπηκόους
822 2917 883 2984 τοῦ
918 2918 1043 3002 σεμνοῦ
1079 2919 1186 2986 ἕνεκα.

219 3012 347 3082 οὔκουν
375 3019 470 3084 δοκεῖ
496 3019 605 3102 ἔμοιγε
630 3010 652 3102 ἦ
679 3021 819 3094 Μίνωος
845 3016 1004 3100 γενέσθαι
1028 3017 1188 3103 βασιλευς

219 3111 450 3203 ἀφανέστερος
476 3111 498 3202 ή
518 3117 650 3185 Αἰακοῦ
677 3112 980 3204 ήῬαδαμάυθυος·
1022 3113 1073 3196 οἷς
1093 3119 1137 3204 δή
1157 3121 1187 3197 ἐς

219 3219 288 3284 Δία
307 3205 529 3302 ἀνενεχθεῖσα
547 3213 568 3301 ή
586 3216 717 3300 γένεσις
735 3217 820 3304 πρὸς
837 3220 908 3284 τών
925 3217 1029 3286 πάλαι
1046 3217 1184 3306 ἀνθρώ·
1197 3241 1217 3279 ³⁰

218 3336 293 3382 πων
307 3311 447 3400 οὐδεμιᾷ
463 3312 578 3382 αάτών
591 3310 688 3401 ὕβρει
701 3325 932 3403 προστίθεται·
953 3315 1040 3386 ὀυ’δέ
1051 3321 1186 3406 Θησέως

183 3417 279 3478 4τοῦ
308 3414 521 3492 Ποσειδῶνος
547 3411 629 3481 οὐδὲ
647 3412 763 3494 Ἴωνος
786 3421 849 3484 τοά
871 3413 1096 3497 Ἀπόλλωνος.
1141 3417 1185 3500 ἁς
