2620 3924
462 163 647 219 mmm
664 171 689 232 ε,
707 169 748 223 ιτ.
1046 163 1086 227 97

123 309 288 396 χώματος.
339 303 410 376 ἄλλ’
440 305 649 398 Ἀλεξάνδρςο
681 305 833 397 αἱρετέον
867 307 974 378 ἐδόκει
1002 303 1122 382 εἶναις

124 408 196 500 ὅσῳ
214 407 445 498 άπορώτερον·
475 407 647 494 ἐκπλήξειν
665 409 730 497 γάρ
748 409 830 487 τούς
848 415 1030 496 πολεμίους
1047 405 1085 473 τό

126 517 229 596 ἔργον
259 514 305 600 τῷ
338 493 520 600 παράλόγμ
555 511 609 578 ἐπὶ
639 508 744 596 μέγα,
773 511 831 576 καὶ
863 510 901 578 τό
928 509 973 596 μή
1000 509 1088 576 ἑλεῖν

124 609 269 698 αἰσχρόν
287 608 378 678 εἶναί
393 615 430 678 οί
444 609 626 696 λεγόμενον
647 616 680 689 ἐς
697 636 734 678 τε
749 606 1088 698 τοῦςἝλληναςικαὶ

91 714 161 790 οές
181 723 338 798 Δαρεῖον.
381 710 488 779 ἐδόκει
505 710 547 794 δή
565 714 662 797 χεῦμα
682 714 718 780 ἐν
736 710 852 801 κύκλῳ
875 714 936 796 τῆς
959 709 1088 786 πόλεως

122 812 311 898 χωννύναι,
331 807 376 889 ώς
392 810 424 890 ἐξ
440 821 516 880 ίσον
531 809 597 878 άπὸ
616 813 677 879 τοῦ
696 811 887 897 χωσθέντος
903 810 1089 897 ἐπάγεσθαι
1142 819 1144 822 ’

122 912 185 990 τὰς
209 911 359 1000 μηχανάς
383 927 454 991 τοῖς
478 919 607 997 τείχεσι.
654 914 712 980 καὶ
744 911 915 998 ἐχώννυτο
938 910 1021 980 κατά
1049 909 1088 977 τό

123 1013 240 1080 νότιον
258 1013 401 1099 μάλιστα
418 1017 476 1098 της
495 1011 623 1090 πόλεως
640 1027 762 1099 τεῖχος,
781 1018 838 1081 ἵνα
858 1011 1088 1100 ἐπιμαχώτερα

126 1115 293 1198 ἐφαίνετο.
326 1110 373 1191 ώς
387 1113 426 1182 δὲ
441 1112 547 1181 ἐδόκει
561 1114 699 1200 ἐξῆρθαι
712 1113 909 1202 συμμέτρως
923 1112 961 1182 τὸ
979 1117 1087 1199 χῶμα,
1104 1136 1123 1188 4

84 1242 111 1282 10
123 1213 276 1300 μηχανάς
297 1212 530 1298 ἐπιστήσαντες
550 1218 586 1281 οί
601 1213 798 1293 Μακεδόνες
822 1217 947 1300 ἐπῆγον
967 1211 1012 1292 ώς
1033 1213 1088 1281 ἐπὶ

124 1314 164 1380 τὸ
183 1330 290 1399 τεῖχος
313 1317 382 1380 τῶν
401 1321 561 1395 Γαζαίων.
597 1313 654 1381 καλ
675 1316 711 1382 ἐν
729 1314 839 1405 τούτῳ
857 1314 981 1382 θόοντι
993 1313 1085 1382 Ἀλε-

125 1415 260 1504 ξάνδρμ
277 1415 335 1481 καὶ
356 1413 618 1504 ἐστεφανωμένῳ
635 1439 671 1481 τε
688 1415 745 1482 καὶ
763 1415 988 1502 κατάρχεσθαι
1006 1411 1088 1501 μέλ-

125 1523 221 1582 λοντι
233 1517 294 1582 τοῦ
310 1513 445 1602 πρώτου
462 1520 585 1602 ίερείον
599 1514 684 1583 κατά
697 1514 804 1602 νόμον
818 1519 886 1583 τών
900 1541 948 1594 τις
963 1534 1088 1603 σαρκο«

126 1615 249 1701 τράγων
276 1613 428 1702 ὀρνίθων
455 1613 726 1704 ὑπερπετόμενος
753 1620 814 1685 τοῦ
842 1620 960 1703 βωμοῦ
987 1623 1088 1684 λίθον

89 1744 113 1782 15
129 1715 285 1804 ἐμβάλλει
311 1717 344 1794 ἐς
361 1716 424 1800 τήν
442 1716 594 1802 κεφαλήν
613 1713 729 1784 ὅντινα
746 1733 820 1784 τοῖν
839 1722 960 1784 ποδοῖν
981 1721 1087 1803 ἔφερε.

127 1818 184 1884 καὶ
202 1815 417 1903 Ἀλέξανδρος
434 1813 531 1904 ήρετο
545 1815 787 1905 Ἀρίστανδρον
804 1817 865 1884 τόν
883 1815 1003 1902 μάντιν
1022 1813 1040 1882 ὅ
1057 1841 1089 1882 τι

128 1933 205 1985 νοοῖ
226 1916 244 1984 ό
270 1915 400 1995 οἰωνός.
446 1915 464 1983 ὁ
492 1915 530 1985 δὲ
553 1915 769 2005 άποκρίνεται
791 1914 860 2002 ότι,
885 1907 911 1983 ώ
936 1918 1088 2003 βασιλεῦ,

127 2019 188 2103 τήν
206 2017 268 2104 μὲν
287 2016 385 2085 πόλιν
399 2016 559 2106 αἱρήσεις,
577 2016 670 2107 αὐτῷ
689 2017 728 2086 δέ
742 2015 981 2104 σοίφυλακτέα
996 2015 1089 2085 ἐστὶν

130 2119 184 2186 ἐπὶ
202 2122 284 2206 τήδε
301 2120 342 2205 τή
365 2115 480 2207 ἡμέρᾳ.

92 2243 117 2283 ιο
210 2221 324 2286 Ταῦτα
338 2217 487 2296 άκοῦσας
502 2217 720 2306 Ἀλέξανδρος
733 2217 817 2298 τέως
830 2217 893 2311 μέν
911 2216 996 2306 πρός
1012 2231 1087 2296 ταῖς
1097 2233 1139 2302 27

128 2333 293 2406 μηχαναῖς
319 2318 380 2398 ἔξω
404 2319 526 2406 βέλους
550 2317 658 2388 αῦτδν
682 2317 786 2406 εἶχεν·
815 2316 861 2398 ώς
885 2317 923 2386 δέ
942 2318 1089 2406 ἐκδρομή

129 2447 163 2487 τε
182 2422 218 2487 ἐκ
235 2423 294 2504 τής
313 2419 441 2499 πόλεως
458 2421 602 2509 καρτερά
623 2423 774 2506 ἐγίγνετο
792 2421 849 2488 καὶ
869 2423 938 2507 πῦρ
956 2445 991 2486 τε
1010 2417 1089 2486 ἐπέ-

131 2546 234 2608 φερον
248 2535 322 2598 ταῖς
336 2537 500 2608 μηχαναῖς
514 2519 698 2609 οῖ”Αραβες
717 2522 774 2588 καὶ
788 2520 869 2598 τοῦς
885 2518 1089 2598 Μακεδόνας

131 2619 365 2708 ἀμυνομένους
379 2621 532 2691 κάτωθεν
551 2620 649 2690 αῦτοὶ
669 2622 701 2701 ἐξ
719 2620 921 2709 ῦπερδεξίου
940 2624 1000 2688 τοῦ
1020 2646 1089 2705 χω-

96 2745 120 2786 ιι
132 2728 207 2809 ρίου
227 2721 370 2809 ἔβαλλόν
383 2748 418 2790 τε
431 2723 488 2789 καὶ
503 2719 619 2792 ὤθουν
633 2722 717 2790 κατὰ
735 2725 796 2789 τοῦ
816 2725 954 2808 ποιητοῦ
973 2720 1089 2808 χώμα-

131 2847 198 2908 τος,
216 2824 367 2890 ἐνταῦθα
384 2818 405 2906 ή
425 2821 512 2890 ἑκών
526 2821 660 2890 άπειθεῖ
672 2821 891 2910 Ἀλέξανδρος
908 2825 955 2912 τῷ
973 2821 1090 2908 μάντει

131 2917 344 3007 ήέκπλαγεὶς
364 2925 400 2990 ἐν
418 2924 465 3013 τῷ
486 2927 573 3014 ἔργῳ
591 2921 655 2990 οῦκ
681 2920 908 3008 ἐμνημόνευσε
926 2924 983 3006 τής
1001 2949 1089 3009 μαυ-

132 3030 236 3108 τείας,
262 3020 331 3090 ἄλλ’
352 3021 533 3112 άναλαβών
555 3021 637 3100 τοῦς
655 3020 869 3101 ῦπασπιστδις
888 3022 1091 3109 παρεβοήθει

134 3127 187 3190 ἵνα
209 3122 351 3210 μάλιστα
377 3123 540 3206 ἐπιέζοντο
565 3123 824 3202 οί-Μακεδόνες.
861 3123 918 3189 καὶ
944 3121 1123 3208 τοῦτουςη
1209 3153 1212 3160 ·

99 3222 191 3309 νομέν
216 3229 290 3309 ἔσχε
313 3228 374 3291 τοῦ
399 3223 444 3311 μή
468 3223 532 3292 οῦκ
556 3227 679 3312 αἰσχρᾷ
707 3229 801 3312 φυγή
828 3220 979 3308 ώσθήναι
1002 3223 1086 3290 κατὰ

132 3326 189 3391 τοῦ
208 3324 378 3411 χώματος·
398 3323 501 3403 αὐτὸς
519 3323 557 3392 δέ
574 3325 731 3412 βάλλεται
748 3322 937 3411 καταπέλτῃ
957 3323 1011 3394 διά
1029 3327 1088 3408 τῆς

134 3423 272 3504 άσπίδος
286 3424 430 3512 διαμπάξ
449 3427 506 3495 καὶ
523 3429 584 3494 τοῦ
599 3425 755 3515 θώρακος
775 3428 806 3504 ἐς
825 3425 886 3494 τὸν
905 3416 1006 3512 ώμον.
1042 3423 1088 3504 ώς

180 3540 309 3586 Annuus.
918 3539 933 3588 '1
