2572 3920
459 153 642 207 ΔΝΑΒΔΣΙΣ
661 158 683 215 λ,
701 158 727 207 4.
1059 150 1078 217 7

110 288 315 385 Ἀλεξάνδρῳ
340 295 452 373 ίππεϊς
474 294 537 382 μέν
556 297 588 374 ές
605 301 733 382 χιλίους
751 294 807 362 καὶ
824 299 1079 381 πεντακοσίους,

113 393 199 476 πεζοὶ
217 393 258 461 δὲ
277 396 309 474 ές
326 401 615 482 τετρακισχιλίους.

178 495 349 580 Διέβαλον
368 494 407 563 δέ
424 499 482 582 τής
501 493 624 576 νυκτὸς
642 488 666 584 ή
683 494 777 582 λήιον
794 486 838 578 ήν
856 501 951 565 σίτου
969 493 1077 581 βαθά·
1100 506 1123 568 4
1237 491 1240 498 ’

112 593 167 662 καὶ
183 594 293 684 ταάτη
316 594 446 683 μᾶλλόν
469 623 500 664 τι
517 602 642 666 ἔλαθον
665 595 890 684 προσσχόντες
913 601 954 685 τῇ
979 594 1078 686 ὄχθη.

89 693 178 764 ιάπὸ
192 695 232 763 δὲ
246 694 309 783 τὴν
323 698 367 764 ἕω
379 693 594 787 Ἀλέξανδρος
604 695 659 766 διά
672 703 735 766 τοῦ
749 703 846 784 ληίου
859 689 932 786 ήγε,
946 721 1078 787 παραγ-

112 803 224 882 γείλας
238 811 310 876 τοῖς
324 804 431 879 πεζοῖς
446 806 601 885 πλαγίαις
613 812 686 878 ταῖς
700 804 873 888 σαρίσσαις
887 801 1079 867 ἐπικλίνον-

112 925 168 977 τας
192 895 254 966 τὸν
279 912 374 974 σῖτον
397 896 486 967 οὕτω
509 898 669 988 προάγειν
696 901 729 979 ές
755 897 795 967 τά
819 895 882 968 οὐκ
907 898 1079 987 ἐργάσιμα.

113 1003 147 1066 οέ
162 997 200 1068 δὲ
219 1003 335 1079 ίππεῖς
353 1004 426 1068 ἔστε
442 998 506 1088 μέν
523 997 656 1093 διάτοῦ
674 1007 770 1087 ληίου
786 997 934 1090 προήειή
948 998 1079 1086 φάλαγξ

113 1101 308 1186 ἐφείποντο·
338 1097 382 1180 άς
400 1099 438 1169 δὲ
456 1103 578 1170 ἐκτῶν
597 1103 788 1190 ἐργασίμων
812 1101 991 1188 ἐξήλασαν,
1017 1099 1080 1187 τήν
1097 1115 1113 1164 2

79 1200 173 1288 ιομὲν
199 1205 308 1269 ἵππον
336 1201 391 1268 ἐπὶ
416 1199 454 1270 τὸ
482 1199 592 1283 δεξιάν
614 1203 713 1290 κέρας
739 1199 841 1281 αὐτὸς
863 1197 1080 1290 Ἀλέξανδρος
1197 1277 1200 1284 ,

112 1301 305 1390 παρήγαγε,
336 1299 409 1388 τήν
429 1301 588 1389 φάλαγγα
612 1301 650 1370 δέ
677 1304 713 1370 έν
737 1307 879 1394 πλαισίῳ
907 1301 1081 1390 Νικάνορα

112 1398 205 1488 άγειν
219 1399 387 1471 ἐκέλευσε.
427 1403 484 1470 καὶ
498 1407 533 1472 οί
544 1401 643 1472 Γέται
657 1399 739 1471 οὐδὲ
751 1400 813 1489 τήν
826 1401 963 1492 πρωτην
978 1400 1079 1490 ἒμβο·
1098 1419 1114 1467 3

113 1503 175 1589 λήν
188 1508 261 1572 τῶν
277 1505 407 1572 ίππέων
421 1499 591 1585 ἐδέξαντο·
610 1503 797 1593 παράδοξος
810 1504 874 1592 μὲν
886 1501 951 1593 γάρ
965 1501 1081 1583 αὐτοῖς

111 1601 131 1690 ή
149 1593 259 1692 τόλμά
277 1600 386 1691 ε’φάνη
409 1609 472 1672 τοῦ
493 1602 731 1692 Ἀλεξάνδρου,
756 1603 806 1674 ὅτι
823 1599 976 1694 εὐμαρῶς
993 1602 1081 1673 οὕτω

79 1730 101 1770 ιι
113 1704 171 1773 τόν
188 1701 348 1793 μέγιστον
370 1709 440 1773 τῶν
457 1710 616 1793 ποταμοῖν
640 1704 821 1792 διεβεβήκει
846 1703 884 1775 ἐν
906 1711 966 1795 μιᾷ
982 1706 1081 1774 νυκτὶ

112 1803 317 1894 τὸνἼστρον
334 1803 375 1874 ov'
394 1805 594 1894 γεφυρώσας
611 1806 672 1875 τὸν
685 1806 805 1895 πόρον,
822 1805 951 1894 φοβεροὶ
969 1805 1008 1874 δὲ
1025 1806 1081 1872 καὶ

112 1910 169 1993 τής
188 1906 364 1994 φάλαγγος
381 1899 402 1991 ἦ
422 1905 625 1993 ξύγκλεισις,
649 1913 741 1993 βιαία
766 1906 804 1974 δὲ
826 1899 846 1992 ή
865 1911 933 1974 τῶν
952 1906 1082 1973 ι’ππέων

115 2002 250 2096 ἒμβυλή.
285 2007 341 2076 καὶ
364 2004 405 2074 τά
431 2007 495 2094 μέν
519 2013 635 2094 πρῶτα
660 2005 694 2087 ἔς
717 2005 779 2093 τήν
797 2006 894 2074 πόλιν
910 2005 1116 2094 καταφεά-4

115 2129 253 2193 γουσιν,
277 2105 299 2194 ή
318 2105 359 2193 δή
377 2102 515 2194 άπεῖχεν
538 2105 653 2187 αὐτοῖς
670 2105 763 2176 ὅσον
785 2107 1005 2196 παρασάγγην
1022 2112 1082 2175 τοῦ

80 2207 260 2297 εοἼστρου·
287 2205 331 2289 άς
349 2207 387 2276 δὲ
411 2203 578 2294 ἐπάγοντα
602 2207 693 2277 εἶδον
716 2213 851 2298 σπουδή
864 2206 1083 2296 Ἀλέξανδρον

114 2305 177 2396 τήν
194 2309 259 2397 μὲν
276 2309 434 2396 φάλαγγα
451 2307 541 2398 παρά
558 2307 618 2379 τὸν
636 2309 812 2398 ποταμόν,
823 2307 868 2389 άς
885 2310 930 2397 μή
949 2317 1083 2377 κυκλω«

115 2411 213 2479 θεῑέν
237 2434 284 2496 πη
307 2414 343 2478 οἱ
357 2411 447 2493 πεζοὶ
465 2405 736 2499 ἐνεδρευσάντων
760 2415 829 2479 τῶν
846 2415 977 2497 Γετῶν,
1004 2408 1084 2488 τούς

117 2511 239 2590 ἱππέας
258 2509 296 2579 δὲ
312 2509 396 2578 κατά
407 2513 574 2599 μέτωπον,
591 2518 765 2580 λείπουσιν
781 2502 827 2579 αὖ
839 2510 896 2578 καί
908 2509 970 2598 τήν
987 2509 1085 2578 πόλιν

116 2617 152 2680 οἱ
164 2613 263 2682 Γέται
280 2616 390 2691 κακῶς
403 2613 658 2700 τετειχισμένην,
675 2610 901 2697 ἀναλαβόντες
918 2616 988 2680 τάν
1005 2634 1084 2678 παι-

80 2735 105 2778 εε
118 2717 248 2802 δαρίων
257 2713 314 2780 καὶ
327 2717 397 2780 τοῖν
410 2715 582 2799 γυναικοῖν
596 2711 653 2782 ἐπὶ
666 2708 744 2792 τοάς
758 2717 883 2792 ἵππους
897 2711 960 2781 ὅσα
970 2712 1085 2800 φέρειν

118 2819 153 2882 οἱ
168 2817 266 2882 ἵπποι
282 2811 468 2900 ήδάναντο·
491 2805 537 2901 ήν
553 2813 591 2882 δὲ
609 2811 724 2892 αὐτοῖς
742 2805 763 2899 ή
781 2811 868 2900 ὁρμή
888 2810 932 2892 ὥς
949 2837 1084 2901 πορρω-

117 2913 203 2983 τάτω
222 2910 288 2982 άπό
305 2919 366 2982 τοῦ
384 2919 534 3002 ποταμοῦ
559 2913 593 2993 ές
617 2913 657 2982 τά
676 2919 790 3002 ἔρημα.
814 2911 1029 3001 Ἀλέξανδρος
1048 2912 1086 2981 δὲ

118 3013 179 3102 τήν
198 3040 235 3082 τε
252 3013 350 3083 πόλιν
367 3012 528 3103 λαμβάνει
544 3016 601 3082 καλ
626 3012 687 3102 τήν
710 3019 805 3082 λείαν
822 3018 934 3082 πάσαν
952 3012 1035 3102 ὅσην
1053 3019 1088 3083 οἱ

121 3116 218 3184 Γέται
228 3112 459 3184 ὑπελείποντο.
486 3115 542 3182 καὶ
555 3113 619 3203 τήν
636 3115 699 3204 μὲν
716 3121 811 3184 λείαν
823 3114 1010 3208 Μελεάγρῳ
1027 3116 1085 3185 καὶ

82 3239 106 3278 ³0
123 3223 281 3308 Φιλίππῳ
295 3213 521 3302 ἐπαναγαγεῖν
535 3220 688 3286 δίδωσιν·
704 3214 805 3297 αάτός
819 3216 857 3286 δὲ
870 3217 1085 3301 κατασκάψας
1103 3233 1119 3282 5

120 3314 181 3403 τήν
212 3316 313 3385 πόλιν
342 3316 422 3386 θάει
450 3343 486 3384 τε
517 3317 571 3384 ἐπὶ
596 3323 638 3407 τῇ
666 3317 754 3407 ὄχθη
781 3323 843 3386 τοῦ
864 3316 998 3408 Ἴστρου
1026 3321 1086 3389 Διὶ

124 3423 257 3509 Σωτήρι
274 3419 331 3486 καὶ
351 3414 510 3508 Ἡρακλεῖ
525 3419 580 3486 καὶ
605 3416 697 3512 αὐτῷ
721 3417 921 3511 τῷ·”Ιστρφ,
947 3417 998 3488 ὅτι
1021 3413 1085 3488 οάκ
