2572 3920
417 187 600 240 εαεεεειυ
617 191 647 252 1,
665 190 706 240 ει.
1013 188 1056 254 49

90 333 158 396 έστι
188 325 228 396 δὲ
255 327 362 416 ταύτη
391 324 411 414 ῆ
439 324 518 406 ὁδός
542 324 605 396 ούκ
628 326 738 408 ἀλλως
763 326 812 397 ότι
834 327 879 417 μῆ
902 334 971 398 τεόν
994 325 1051 398 ἀπ’

90 426 216 515 ἀρκτου
246 425 381 516 ἀνέμων
411 427 598 496 πνεόντων·
641 435 674 497 εἰ
698 428 736 496 δὲ
758 428 852 498 νότοι
874 431 1054 518 κατέχοιεν,

90 526 227 618 ἀπόρως
251 535 316 616 ἔχει
340 525 395 596 διά
410 530 471 596 τοῦ
495 533 648 614 αἰγιαλοῦ
674 527 877 620 ὁδοιπορεῖν.
918 531 991 600 τότε
1018 529 1052 598 δ’
1073 545 1089 594 2

90 631 126 696 ἐκ
150 627 261 697 νότων
279 633 434 717 σκληρῶν
451 631 565 718 βορέαι
583 627 861 718 ἐπιπνεύσαντες,
888 628 953 700 ούκ
971 629 1054 701 ἀνευ

65 735 150 800 ετού
163 735 276 816 θείου,
296 729 340 810 ἀς
354 725 455 808 αάτός
468 755 504 798 τε
517 730 574 797 καὶ
587 734 622 798 οἰ
633 725 719 818 ἀμφ’
739 725 844 800 αύτδν
863 734 1054 820 ἐξηγοῦντο,

89 825 221 920 εὐμαρῆ
238 832 295 898 καί
312 845 448 918 ταχεῖαν
465 829 527 916 τῆν
541 829 691 920 πάροδον
704 833 882 920 παρέσχον.
911 835 948 901 ἐκ
961 835 1054 920 Πέρ-

89 958 149 1017 γης
177 931 217 999 δὲ
240 929 285 1012 εἵς
306 931 444 1021 προῄει,
478 929 744 1018 ἐντυγχάνουσιν
764 930 863 1026 αύτῷ
884 933 967 1002 κατά
992 933 1055 1020 τῆν

89 1029 172 1100 ὁδόν
202 1033 356 1120 πρέσβεις
381 1028 590 1101 Ἀσπενδίων
615 1029 876 1124 αὐτοκράτορες,
907 1033 969 1122 τῆν
991 1035 1054 1122 μὲν

90 1132 189 1200 πόλιν
208 1129 413 1220 ἐνδιδόντες,
432 1132 589 1222 φρουράν
606 1133 644 1202 δὲ
659 1131 706 1220 μῆ
727 1134 873 1220 εἰσάγειν
890 1131 1052 1223 δεόμενοι.
1099 1209 1103 1216 ,

55 1233 147 1302 ιοκαί
171 1235 249 1322 περὶ
272 1233 334 1322 μὲν
356 1239 415 1319 τῆς
438 1239 591 1324 φρουράς
616 1233 799 1322 πράξαντες
817 1232 972 1321 ἀπῆλθον
990 1235 1087 1316 ὅσαθ

88 1328 225 1420 ῆξίονν·
252 1333 458 1421 πεντήκοντα
482 1333 521 1402 δὲ
543 1333 689 1402 τάλαντα
714 1333 842 1404 κελεύει
858 1337 902 1424 τῆ
919 1341 1054 1426 στρατιᾷ

90 1438 213 1504 δοῦναι
229 1433 343 1515 αὐτοῖς
362 1432 396 1514 ἐς
413 1433 539 1522 μισθόν
552 1435 608 1503 καλ
621 1433 700 1515 τούς
714 1432 837 1516 ἵππους
851 1433 911 1516 οὓς
925 1435 1054 1524 δασμόν

89 1543 222 1622 βασιλεῖ
243 1541 394 1625 ἔτρεφον.
436 1540 472 1603 οἵ
493 1534 531 1603 δέ
548 1533 635 1624 ύπέρ
659 1561 696 1603 τε
719 1541 780 1604 τού
804 1533 972 1627 ἀργυρίου
998 1538 1054 1606 καί

89 1633 168 1716 τούς
186 1641 311 1716 ἵππους
329 1635 543 1726 παραδύσειν
561 1636 760 1723 ξυνθέμενοι
778 1631 943 1724 ἀπῆλθον.

56 1763 79 1806 ιε
163 1734 381 1826 Ἀλέξανδρος
399 1735 437 1804 δὲ
451 1731 508 1806 έπί
522 1742 628 1824 Σίδης
646 1735 708 1826 ᾔει.
737 1738 801 1806 εἰσί
816 1738 854 1806 δέ
867 1743 902 1806 οἰ
913 1743 1053 1826 Σιδῆται
1069 1751 1087 1802 4

90 1847 240 1925 Κυμαῖοι
256 1835 293 1908 ἐκ
307 1837 427 1926 Κύμης
440 1842 499 1924 τῆς
513 1843 687 1916 Αἰολίδος·
715 1838 772 1904 καὶ
785 1830 878 1906 ούτοι
896 1839 1053 1924 λέγουσιν

89 1936 177 2028 ὑπὲρ
201 1944 299 2026 σφῶν
322 1937 421 2008 τόνδε
444 1936 506 2006 τόν
524 1937 642 2024 λόγου,
667 1936 718 2005 ὅτι
735 1935 779 2017 ὡς
797 1937 947 2024 κατῆράν
964 1966 999 2007 τε
1019 1936 1053 2020 ἐς

89 2038 152 2126 τῆν
168 2045 235 2126 γῆν
252 2037 385 2126 ἐκείνην
402 2043 437 2107 οἵ
452 2044 576 2128 πρῶτοι
593 2036 631 2107 έκ
649 2036 769 2125 Κύμης
796 2041 971 2119 σταλέντες
995 2041 1053 2108 καὶ

91 2137 147 2208 ἐπὶ
184 2145 324 2232 οἰκισμῷ
356 2137 535 2226 ἐξέβησαν,
577 2137 698 2208 αύτίκα
727 2137 790 2226 τῆν
821 2139 884 2226 μὲν
911 2138 1054 2209 Ἑλλάδα

56 2246 249 2327 ωγλάσσαν
279 2238 494 2328 ἐξελάθοντο,
528 2236 637 2320 εύθύς
671 2238 709 2308 δὲ
738 2239 910 2330 βάρβαρον
933 2242 1053 2328 φωνην

90 2347 204 2428 ἵεσαν,
231 2343 288 2410 καί
311 2335 394 2410 ούδὲ
417 2346 486 2408 τάν
509 2339 715 2430 προσχώρων
738 2341 936 2430 βαρβάρων,
967 2339 1053 2410 ἀλλά

91 2447 184 2512 ἰδίαν
208 2446 307 2530 σφῶν
332 2440 427 2532 ούπω
446 2440 598 2528 πρόσθεν
622 2433 731 2510 οὖσαν
747 2437 809 2528 τῆν
826 2439 961 2530 φωνῆν·
997 2444 1053 2510 καὶ

90 2545 126 2618 ἐκ
149 2541 226 2612 τότε
249 2538 291 2612 ού
315 2542 400 2611 κατά
422 2541 500 2622 τούς
526 2541 650 2622 ἀλλους
674 2541 892 2632 προσχύρονς
912 2547 1054 2629 Σιδῆται
1128 2552 1133 2558 ’

89 2643 313 2734 ἐβαρβάριζον.
340 2640 530 2711 καταλιπων
548 2641 586 2710 δὲ
603 2640 760 2732 φρουράν
778 2645 814 2710 έν
827 2647 918 2732 Σίδη
936 2643 1053 2732 προῄει
1071 2657 1089 2707 5

51 2745 146 2813 εεέπὶ
175 2741 344 2831 Σύλλιον,
381 2749 505 2832 χωρίον
536 2740 661 2830 ὀχυρόν
691 2742 748 2810 καὶ
781 2742 937 2832 φρουράν
976 2750 1053 2830 έχον

88 2845 196 2926 ξένων
208 2843 427 2933 μισθοφόρων
440 2845 496 2912 καὶ
510 2840 624 2912 αύτιόν
637 2846 706 2911 τάν
721 2845 909 2930 ἐπιχωρίων
922 2845 1054 2930 βαρβά-

88 2973 168 3034 ρων.
204 2943 275 3014 ἀλλ’
295 2943 373 3013 ούτε
389 2942 427 3012 τό
447 2943 595 3012 Σύλλιον
620 2945 652 3024 ἐξ
678 2941 804 3030 ἐφόδου
832 2940 1052 3030 αύτοσχεδίου

86 3044 244 3133 ῆδυνῆθη
267 3052 401 3132 λαβεῖν,
436 3047 511 3113 ἐπεί
531 3069 566 3112 τε
588 3042 737 3131 ἠγγέλθη
762 3041 855 3136 αύτῷ
885 3042 968 3112 κατά
992 3045 1054 3134 τῆν

88 3141 173 3215 ὁδόν
206 3145 286 3226 τούς
306 3143 526 3224 Ἀσπενδίους
551 3143 601 3212 ὅτι
620 3143 723 3214 ούδὲυ
739 3147 808 3214 τάν
825 3147 1053 3234 ξυγκειμένων

52 3272 77 3314 ω
88 3250 210 3336 πρᾶξαι
228 3248 394 3329 ἐθέλοιεν,
418 3243 497 3314 ούτε
516 3242 595 3324 τούς
613 3249 737 3326 ἵππους
755 3251 966 3336 παραδοῦναι
983 3263 1053 3328 τοῖς

88 3358 293 3437 πεμφθεῖσιν
310 3341 390 3416 ούτε
406 3340 641 3433 ἀπαριθμῆσαι
658 3344 698 3414 τά
711 3345 872 3438 χρήματα,
890 3347 1001 3415 καίτά
1016 3351 1052 3414 ἐκ

87 3455 144 3536 τῆς
167 3447 278 3537 χωρας
296 3447 346 3517 ότι
363 3441 673 3534 ἀνασκευασάμενοι
691 3449 724 3526 ές
741 3445 803 3534 τῆν
821 3447 921 3516 πόλιν
938 3446 997 3526 τάς
1016 3473 1052 3515 τε

136 3567 267 3608 Annuus.
878 3559 896 3606 4
