2572 3920
470 152 655 206 Αωοειειε
674 158 699 219 2,
720 157 759 206 ιο.
1053 153 1093 217 71

120 293 228 380 μαστὶ
261 292 320 360 καὶ
350 295 419 361 τών
451 293 558 372 ξένων
587 298 656 362 τῶν
682 293 902 381 μισθοφόρων
926 291 999 364 ὅσοι
1022 291 1092 362 κατ’

121 393 267 474 άξίωσιν
286 392 308 480 ἤ
325 420 399 462 τινα
417 393 540 482 ἀρετὴν
558 395 807 485 γνωριμώτεροι
824 385 910 482 ἦσαν
927 397 984 462 καὶ
999 393 1092 484 αύτῷ

123 494 347 580 πανταχόθεν
359 495 422 582 βοὴ
438 497 589 580 ἐγίγνετο
603 495 648 583 μὴ
662 500 857 584 διατρίβειν,
875 493 961 562 άλλά
974 495 1093 582 ἐσβάλ-

122 603 197 663 λειν
224 598 258 673 ές
283 595 364 674 τούς
388 603 578 682 πολεμίους.
620 594 638 664 δ
659 595 697 664 δὲ
713 586 794 682 ἦγεν
814 599 850 665 ἐν
867 596 957 676 τάξει
975 602 1034 682 ἔτι,
1051 595 1092 664 τά
1112 611 1127 660 3

93 728 108 767 τ
122 695 190 782 μὲν
215 697 351 784 πρώτα,
378 693 499 784 καίπερ
526 699 562 764 έν
586 695 727 786 άπόπτφ
751 695 814 784 ἤδη
835 703 920 782 ἔχων
937 695 999 784 τὴν
1018 707 1091 766 Λα·

123 805 223 885 ρείου
242 795 407 884 δύναμιν,
437 798 565 884 βάδην,
594 800 655 864 τοῦ
675 797 719 884 μὴ
738 801 992 885 διασπασθῆναί
1006 824 1037 865 τι
1057 801 1094 866 έν

122 901 173 988 τῷ
194 896 428 988 ξυντονωτέρᾳ
448 905 567 987 πορείᾳ
585 901 741 986 κυμῆναν
758 902 817 985 τῆς
836 899 1021 985 φάλαγγος·
1048 896 1094 977 ώς

123 997 164 1066 δέ
185 999 281 1078 έντδς
298 999 421 1086 βέλους
442 1001 635 1087 ἐγίγνοντο,
659 1001 788 1087 πρῶτοι
802 998 844 1085 δὴ
863 1005 898 1067 ολ
913 997 981 1067 κατ’
998 998 1092 1068 Ἀλέ-

124 1100 275 1186 ξανδρον
283 1100 340 1168 καὶ
356 1098 459 1178 αὐτὸς
471 1099 689 1188 Ἀλέξανδρος
705 1102 760 1168 ἐπὶ
773 1103 834 1168 τοῦ
850 1101 959 1180 δεξιοῦ
974 1125 1093 1186 τεταγ-

83 1231 110 1270 ιο
124 1201 229 1286 μένος
252 1200 368 1292 δρόμῳ
394 1203 427 1280 ἐς
449 1199 510 1268 τόν
534 1199 685 1287 ποταμὸν
710 1201 890 1288 ἐνέβαλον,
922 1200 969 1279 ώς
993 1205 1034 1288 τῇ
1059 1225 1094 1268 τε

125 1299 263 1388 ὀξύτητι
285 1303 344 1388 τῆς
370 1301 682 1388 έφόδουέκπλῆξαι
703 1301 785 1380 τούς
802 1302 938 1392 ,Πέρσας
956 1301 1013 1367 καὶ
1031 1301 1092 1368 τοῦ

124 1405 261 1472 θᾶσσον
280 1404 313 1480 ές
330 1417 445 1490 χεῖρας
466 1400 630 1481 ἐλθόντας
648 1400 748 1488 ὀλίγα
766 1403 851 1489 πρὸς
864 1405 933 1468 τῶν
947 1401 1093 1482 τοξοτῶν

116 1503 346 1590 βλάπτεσθαι.
390 1504 447 1572 καὶ
466 1503 589 1591 ξυνέβη
607 1499 698 1582 ὅπως
716 1512 849 1572 εἴκασεν
864 1501 1091 1590 Ἀλέξανδρος.

127 1602 238 1682 εὐθύς
255 1603 321 1690 γάρ
341 1601 387 1682 ώς
407 1607 444 1672 ἐν
461 1605 577 1692 χερσὶν
594 1602 615 1690 ἡ
633 1604 721 1692 μάχη
742 1605 890 1690 ἐγένετο,
915 1605 1093 1692 τρέπονται
1109 1617 1127 1667 4

88 1706 189 1774 ιετοῦ
216 1707 385 1792 Περσικοῦ
417 1705 663 1792 στρατεύματος
695 1709 732 1772 οί
751 1707 799 1796 τῷ
823 1703 986 1794 ἀριστερῷ
1010 1705 1092 1792 κε’ρηι

129 1805 388 1892 ἐπιτεταγμένοι·
424 1807 481 1873 καὶ
498 1805 606 1894 ταύτη
626 1805 689 1892 μὲν
706 1808 868 1893 λαμπρῶς
887 1807 982 1873 ἐνίκα
998 1803 1092 1872 Ἀλέ-

128 1905 272 1994 ξανδρός
296 1907 412 1974 τεκαὶ
437 1910 474 1973 οἱ
494 1904 574 1993 ἄμφ’
602 1905 716 1974 αύτόν.
760 1911 796 1974 ολ
817 1904 855 1972 δὲ
873 1902 1032 1991 Ἕλληνες
1059 1908 1095 1971 ολ

128 2006 334 2094 μισθοφόροι
348 2011 384 2074 οί
395 2004 461 2075 σύν
471 2013 620 2096 Δαρείῳ,
638 1996 659 2094 ᾗ
676 2007 785 2092 διέσχε
796 2007 866 2073 τών
879 2004 1092 2073 Μακεδόνων

129 2106 150 2195 ἡ
168 2106 302 2195 φάλαγξ
321 2105 367 2186 ώς
387 2109 442 2176 ἐπὶ
459 2107 497 2175 τό
517 2106 625 2186 δεξιὸν
642 2107 742 2194 κέρας
760 2121 1024 2195 παραρραγεῖσα,
1043 2102 1094 2172 ὅτι

92 2237 119 2276 οο
128 2207 346 2298 Ἀλέξανδρος
370 2207 432 2296 μέν
457 2210 591 2296 σπουδῇ
618 2210 651 2287 ές
675 2206 736 2274 τόν
760 2207 911 2294 ποταμὸν
936 2207 1126 2294 έμβαλοδνσ

131 2311 188 2378 καὶ
221 2313 258 2379 έν
283 2311 376 2398 χερσὶ
401 2308 462 2396 τὴν
486 2309 596 2398 μάχην
620 2308 760 2394 ποιήσας
787 2308 903 2390 ἐξώθει
925 2305 988 2395 ἤδη
1011 2307 1093 2385 τούς

57 2437 66 2454 ·
92 2457 96 2466 ·
131 2411 238 2499 ταύτῃ
256 2411 482 2496 τεταγμένους
499 2413 568 2478 τάν
587 2415 748 2499 Περσῶν,
776 2414 812 2478 οί
832 2409 871 2478 δὲ
887 2407 971 2476 κατά
990 2409 1093 2494 μέσον

132 2515 201 2580 τών
225 2511 439 2580 Μακεδόνων
464 2507 541 2578 οὔτε
564 2513 605 2596 τῇ
633 2520 688 2598 ἴση
714 2512 847 2599 σπουδῇ
874 2507 1004 2596 ἥψαντο
1030 2511 1091 2576 τοῦ

135 2619 234 2699 ἔργον
248 2611 306 2678 καὶ
321 2611 471 2695 πολλαχῆ
484 2608 692 2696 κρημνώδεσι
705 2625 779 2690 ταῖς
793 2608 910 2698 ὄχθαις
926 2608 1094 2695 ἐντυγχά-

96 2737 247 2790 εινοντες
270 2710 308 2779 τό
332 2713 487 2798 μέτωπον
510 2714 569 2796 της
593 2709 767 2796 φάλαγγος
792 2711 832 2779 ού
854 2712 995 2780 δυνατοὶ
1017 2710 1093 2796 ε’γέ-

133 2839 232 2880 νοντο
251 2814 288 2880 έν
306 2814 346 2900 τῇ
366 2811 453 2900 αὐτῇ
473 2809 562 2888 τάξει
579 2810 820 2896 διασώσασθαι,
838 2811 946 2898 ταύτῃ
967 2809 1092 2898 ἐμβάλ·

135 2921 250 2982 λουσιν
275 2918 311 2980 οί
322 2910 480 2999 Ἕλληνες
497 2926 568 2990 τοῖς
587 2909 783 2980 Μακεδόσιν
801 2901 825 3004 ᾗ
842 2911 984 2997 μάλιστα
1002 2915 1092 2979 διεσ-

136 3015 307 3101 πασμένην
333 3011 451 3092 αὐτοῖς
479 3011 541 3098 τὴν
571 3011 732 3099 φάλαγγα
757 3015 921 3080 κατεῖδον.
968 3011 1026 3079 καὶ
1053 3008 1126 3078 vde

137 3119 234 3202 ἔργον
254 3117 404 3183 ἐνταῦθα
422 3112 584 3202 καρτερόν
601 3103 662 3200 ἦν,
690 3115 758 3180 τῶν
775 3111 838 3199 μέν
858 3115 890 3190 ές
907 3111 968 3180 τὸν
986 3137 1092 3180 ποτα-

104 3215 198 3300 τομὸν
216 3214 418 3283 ἀπώσασθαι
433 3213 514 3292 τούς
529 3213 733 3292 Μακεδόνας
750 3214 807 3281 καὶ
825 3213 886 3300 την
903 3221 1003 3300 νίκην
1019 3227 1091 3292 τοῖς

136 3313 195 3403 ἤδη
219 3314 407 3402 φεύγουσιν
425 3313 540 3382 αύτῶν
558 3312 807 3382 ἀνασώσασθαι·
843 3317 911 3382 τῶν
930 3312 1093 3382 Μακεδό-

136 3410 203 3484 νων
227 3415 266 3484 δὲ
287 3417 346 3502 τῆς
364 3442 399 3484 τε
419 3413 639 3503 Ἀλεξάνδρου
658 3412 720 3500 ἤδη
739 3414 943 3502 φαινομένης
961 3412 1085 3502 εὐπρα-
