2632 3922
489 179 674 232 ΔΝΑΒΑΣΙΣ
691 182 723 247 ε,
740 182 782 234 ει.
1057 174 1115 244 181

150 335 330 426 πράγματα
350 339 387 406 ἐν
409 335 618 427 άνθροίποις,
646 336 689 406 σδ
708 341 777 406 νῦν
801 336 945 424 μάλιστα
963 337 1026 424 μὲν
1044 337 1117 424 ἐμοὶ

150 437 303 526 φύλαξον
322 442 468 524 Περσῶν
485 439 595 506 τεκαὶ
615 437 748 525 Μήδων
772 437 834 524 την
858 436 979 526 άρχήν,
1006 434 1117 526 ὥσπερ

150 529 294 606 οὖνκαὶ
320 543 461 618 ἔδωκας·
490 543 522 608 εί
544 537 583 606 δὲ
608 537 650 625 δὴ
676 538 741 623 ίγιδ
760 537 873 608 οὐκέτι
891 558 942 608 σοι
958 537 1117 625 βασιλεδς

150 636 348 724 τηςἈσίας,
374 638 418 708 σύ
447 637 485 708 δέ
510 639 629 726 μηδενὶ
656 637 748 730 άλλχυ
767 637 816 706 ὅτι
836 638 882 726 μὴ
907 635 1116 729 Ἀλεξάνδρῳ

123 744 365 826 επαραδουναι
382 739 420 809 τδ
441 739 522 827 ίμδν
546 738 677 827 κράτος.
711 736 819 818 οὕτως
839 738 921 808 οὐδὲ
945 736 1031 828 πρὸς
1047 743 1116 806 τῶν

151 845 320 926 πολεμίων
334 838 412 928 1άρα
438 837 608 926 ἀμελεῖται
632 837 695 910 ὅσοι
722 837 883 928 σάφρονα
909 845 1001 928 ἔργα.

226 939 406 1027 Ὀξυάρτης
432 939 470 1009 δὲ
493 937 644 1018 άκοάσας
668 939 748 1020 τούς
773 945 896 1020 παῖδας
922 940 1150 1028 έχομένους,4

151 1040 299 1120 άκοάσας
330 1040 368 1109 δὲ
393 1041 451 1110 καὶ
474 1037 563 1129 ὑπέρ
586 1034 748 1127 Ῥωξάνης
778 1043 838 1127 τῆς
866 1040 1040 1127 θυγατρὸς
1065 1036 1116 1110 ὅτι

151 1143 243 1229 μέλει
268 1135 373 1228 αὐτῆς
396 1139 622 1232 Ἀλεξάνδρῳ,
654 1142 829 1228 θαρσήσας
861 1139 1000 1229 ἄφίκετο
1032 1138 1114 1226 παρ’

113 1268 139 1310 ιο
148 1239 391 1328 Ἀλέξανδρον,
409 1243 466 1310 καὶ
483 1234 527 1328 ἦν
546 1244 583 1309 ἐν
599 1244 676 1330 τιμῇ
695 1239 776 1329 παρ’
794 1235 902 1333 αὐτῷ,
920 1233 1009 1331 ᾗπερ
1026 1243 1116 1322 εἰκὸς

155 1343 211 1412 ἐπὶ
236 1340 403 1432 ξυντυχίᾳ
428 1341 576 1432 τοιαύτη.

224 1441 442 1532 Ἀλέξανδρος
475 1445 530 1530 δέ,
566 1441 612 1522 οδς
643 1441 683 1512 τδι
715 1445 752 1511 έν
783 1447 994 1530 Σογδιανοῖς-
1019 1440 1111 1532 αὐτῷ
1124 1452 1163 1518 21

153 1548 389 1633 διεπέπρακτο,
415 1544 573 1631 ἐχομένης
596 1542 661 1633 ἤδη
685 1545 742 1613 καί
768 1548 827 1630 τῆς
845 1544 968 1634 πέτρας
987 1545 1020 1623 ἐς
1039 1553 1115 1614 Πα-

154 1645 313 1733 ραιτάκας
331 1641 534 1734 προύχώρει,
552 1642 602 1712 ὅτι
620 1645 676 1713 καί
695 1647 732 1712 ἐν
747 1644 973 1732 Παραιτάκοις
990 1651 1116 1730 χοιρίον

114 1771 139 1812 ιε
151 1772 182 1814 τι
206 1744 345 1834 ὀχυρόν,
370 1743 475 1832 άλλην
493 1746 631 1833 πέτραν,
655 1746 804 1832 κατέχειν
824 1745 980 1830 ἐλέγοντο
998 1745 1117 1813 πολλοὶ

152 1850 222 1914 τῶν
241 1843 433 1935 βαρβάρων.
469 1847 617 1915 ἐκαλεῖτο
631 1844 669 1914 δέ
685 1843 770 1932 αὕτη
781 1845 948 1933 Χοριήνου
962 1841 1115 1933 ἡπίτρα·

152 1948 209 2016 καὶ
228 1948 262 2026 ές
282 1944 389 2033 αὐτὴν
407 1943 510 2026 αὐτός
527 1971 563 2016 τε
579 1943 597 2015 δ
616 1945 783 2034 Χοριήνης
809 1945 1037 2034 ξυμπεφεύγει
1059 1946 1117 2013 καί

153 2045 251 2116 άλλοι
266 2053 335 2116 τῶν
352 2044 519 2134 ὑπάρχων
536 2044 601 2115 οὐκ
618 2040 736 2133 ὀλίγοι.
775 2037 818 2133 ἦν
835 2045 873 2116 δὲ
890 2045 928 2114 τδ
947 2045 1011 2132 μὲν
1028 2045 1117 2126 ὕψος
1135 2068 1150 2117 2

153 2151 213 2236 της
239 2148 361 2238 πέτρας
388 2150 422 2229 ἐς
449 2151 611 2228 σταδίους
637 2157 761 2234 είκοσι,
790 2148 915 2226 κύκλος
934 2146 972 2214 δὲ
991 2147 1022 2226 ἐς
1043 2146 1116 2232 ἑξή-

114 2243 271 2318 εοκοντοι·
315 2247 401 2337 ου’τὴ
424 2247 463 2318 δὲ
485 2245 653 2337 άπότομος
678 2247 862 2335 πάντοθεν,
887 2245 1011 2327 άνοδος
1028 2247 1066 2316 δὲ
1085 2249 1117 2326 ἐς

153 2349 263 2437 αὐτὴν
279 2357 341 2437 μία
358 2349 415 2418 καὶ
433 2348 520 2437 αὕτη
546 2346 647 2434 στενή
663 2349 772 2418 τεκαὶ
789 2347 855 2418 ὀὐκ
872 2345 1037 2434 εὔπορος,
1062 2343 1117 2415 οἷα

154 2450 196 2537 δη
224 2449 313 2539 παρά
339 2450 403 2538 τὴν
429 2449 536 2537 φύσιν
562 2453 624 2518 τοῦ
652 2455 779 2537 χοιρίον
811 2449 1037 2536 πεποιημένη,
1072 2446 1119 2526 εδς

152 2549 300 2639 χαλεπὴν
325 2549 410 2620 εἶναι
434 2552 491 2620 καὶ
514 2550 657 2638 μηδευδς
681 2560 849 2639 εἴργοντος
872 2549 930 2617 καὶ
956 2545 1037 2617 καθ’
1059 2550 1118 2616 ἕνα

152 2650 321 2720 ἀνελθεῖν.
362 2651 496 2738 φάραγξ
521 2650 559 2720 δὲ
582 2650 698 2741 κύκλῳ
722 2665 890 2739 περιεῖργε
912 2646 974 2736 τὴν
992 2648 1118 2736 πέτραν

116 2776 141 2818 ει
153 2741 295 2838 βαθεῖα,
329 2746 412 2820 ὥστε
439 2749 528 2830 ὅστις
553 2749 731 2840 προσάξειν
758 2750 917 2841 στρατιάν
943 2754 985 2838 τῇ
1011 2750 1118 2838 πέτρᾳ

155 2856 288 2940 ἔμελλε,
322 2849 410 2920 πολδ
442 2851 594 2940 πρόσθεν
626 2848 719 2942 αὐτῷ
753 2849 817 2938 τήν
847 2851 1006 2939 φάραγγα
1032 2847 1119 2917 εἶναι

153 2950 399 3039 χωστέον,“οδς
427 2952 460 3032 ἐξ
487 2950 617 3039 ὁμαλοῦ
644 2944 817 3042 ὁρμᾶσθαι
843 2950 1057 3040 προσάγοντα
1085 2951 1118 3030 ές

154 3049 348 3141 προσβολὴν
374 3051 435 3120 τὸν
462 3051 614 3138 στρατόν.

227 3151 326 3222 Ἀλλά
353 3153 411 3220 καὶ
439 3149 484 3232 ὣς
506 3150 723 3241 Ἀλέξανδρος
749 3151 870 3240 ἥπτετο
904 3153 965 3220 τοῦ
999 3156 1153 3238 ἔργουε

110 3249 244 3340 ,εοροῦτω
264 3252 374 3320 πάντα
400 3249 482 3345 η’ίετο
508 3258 627 3340 χρῆναι
651 3252 739 3341 βατά
765 3278 800 3320 τε
826 3250 919 3344 αὐτῷ
946 3253 1002 3320 καὶ
1030 3255 1117 3334 ἐξαι-

156 3353 252 3435 ρετέα
278 3352 375 3440 εἶναι,
413 3355 447 3434 ἐς
478 3351 618 3422 τοσόνδε
648 3354 772 3441 τόλμης
802 3379 839 3422 τε
872 3352 928 3421 καὶ
962 3350 1119 3440 εὐτυχίας

153 3453 430 3545 προύκεχωρήκει.
474 3454 605 3543 τέμνων
623 3452 665 3542 δη
683 3453 742 3536 τάς
761 3453 880 3536 ἐλάτας
898 3450 1035 3541 (πολλαί
1052 3452 1119 3542 γάρ
