2632 3922
205 168 265 234 198
512 137 517 146 ’
555 162 811 227 memoror

151 332 194 399 30
286 329 335 415 Τή
354 325 417 414 μέν
434 325 477 413 δή
496 324 613 416 πρότη
632 323 740 415 ἡμέρᾳ
759 321 805 405 ῶς
820 323 875 396 έπλ
889 323 1026 394 στάδιον
1041 329 1182 413 ἔχωσεν

203 428 296 520 αύτῷ
316 426 334 496 ὁ
353 426 504 515 στρατός.
550 429 584 506 ές
607 425 647 496 δέ
670 427 734 512 τήν
757 425 943 515 ὑστεραίαν
960 429 996 493 οἵ
1007 451 1043 493 τε
1059 445 1181 513 σφεν-

203 533 342 618 δονήται
367 531 626 617 σφενδονῶντες
653 528 687 607 ές
712 525 794 606 τούς
809 523 940 606 Ἰνδούς
967 527 1004 594 έκ
1020 531 1082 594 τοῦ
1100 523 1179 614 ἤδη

202 629 416 720 κεχωσμένου
440 629 498 698 καλ
524 626 590 698 ἀπὸ
618 630 689 696 τῶν
714 629 874 716 μηχανῶν
900 626 982 716 βέλη
1002 622 1178 714 ἀφιέμενα

204 731 380 802 ἀνέστελλε
405 732 474 798 τῶν
494 727 613 798 Ἰνδῶν
637 726 698 808 τάς
726 729 891 816 ἐκδρομὰς
917 727 976 807 τάς
1004 728 1058 796 έπὶ
1084 728 1206 810 τούςς

183 832 428 922 χωννύοντας.
481 829 538 898 καὶ
566 827 736 916 έχῶννυτο
760 827 855 920 αύτῷ
879 830 913 910 ές
930 842 1020 917 τρεῖς
1041 827 1190 917 ἡμέρας,

204 936 354 1020 ξυνεχῶς
370 931 409 1000 τό
428 935 563 1017 χωρίον.
603 931 646 1017 τῇ
664 928 806 1020 τετάρτη
830 929 869 1000 δέ
885 929 1082 1018 βιασάμενοι
1098 932 1188 998 τῶν

205 1031 420 1106 Μακεδόνων
434 1029 475 1099 ού
490 1030 609 1099 πολλοὶ
622 1031 785 1118 κατέσχον
800 1029 918 1116 ὀλίγον
930 1031 1082 1118 γήλοφον
1093 1028 1175 1098 ίσό-

205 1140 308 1205 πεδου
330 1135 372 1221 τῇ
393 1132 513 1224 πέτρηι.
536 1131 595 1200 καὶ
608 1124 825 1220 Ἀλέξανδρος
848 1126 954 1201 ούδέν
971 1157 1003 1199 τι
1023 1131 1174 1200 ἐλινύων

206 1237 310 1322 έπήγε
326 1234 364 1303 τό
383 1235 490 1321 χῶμα,
508 1231 657 1314 ξυνάψαι
675 1232 804 1302 έθέλων
822 1231 860 1302 τό
878 1231 1100 1320 χωννύμενον
1118 1236 1173 1324 τῷ
1189 1273 1218 1314 10

204 1336 345 1427 γηλόφῳ
372 1333 488 1403 ὅντινα
514 1338 551 1402 οί
573 1331 681 1420 ὀλίγοι
706 1331 801 1426 αύτῷ
828 1330 900 1420 ᾔδη’
918 1347 1083 1420 κατεῖχον.

152 1437 187 1503 ἐ
284 1441 330 1507 Οἱ
345 1434 498 1506 δέἸνδολ
516 1431 601 1521 πρός
617 1461 654 1504 τε
669 1433 734 1522 τήν
751 1432 934 1521 ἀδιήγητον
951 1434 1080 1522 τόλμαν
1096 1434 1171 1502 τῶν
1244 1457 1250 1468 ·

206 1541 240 1618 ές
275 1536 337 1606 τόν
369 1534 520 1623 γήλοφον
552 1535 766 1622 βιασαμένων
797 1535 1009 1604 Μακεδόνων
1041 1539 1170 1604 ἐκπλα-

205 1639 319 1726 γέντες
332 1636 389 1704 καὶ
401 1636 439 1704 τό
453 1638 548 1724 χῶμα
567 1634 738 1716 ξυνάπτον
756 1633 822 1724 ήδη
842 1630 1000 1725 ὁρῶντες,
1019 1639 1081 1704 τού
1101 1635 1167 1722 μὲν

204 1737 436 1826 ἀπομάχεσθαι
460 1742 507 1805 ἔτι
528 1734 723 1823 ἀπείχοντο·
761 1738 953 1825 πέμψαντες
977 1737 1016 1806 δὲ
1033 1737 1164 1824 κήρυκα
1183 1771 1212 1812 ιε

205 1858 304 1928 σφτεν
312 1835 393 1924 παρ’
401 1835 622 1927 Ἀλέξανδρον
633 1838 762 1908 ἐθέλειν
775 1843 924 1926 ἔφασκον
935 1840 1096 1906 ἐνδοῦναι
1104 1836 1167 1924 τήν

205 1942 342 2032 πέτραν,
367 1950 402 2010 εί
415 1958 507 2028 σφισι
524 1939 710 2010 σπένδοιτο.
752 1938 892 2028 γνῶμην
910 1938 948 2007 δὲ
967 1942 1168 2026 ἐπεποίηντο

205 2045 243 2113 έν
255 2045 303 2135 τῷ
323 2048 370 2112 ἔτι
382 2041 593 2128 διαμέλλοντι
608 2037 678 2108 τῶν
696 2042 856 2110 σπονδῶν
873 2039 1091 2127 διαγαγόντες
1104 2039 1167 2125 τήν

203 2141 332 2231 ήμέραν
349 2139 474 2220 νυκτός
499 2137 545 2218 ῶς
569 2141 702 2208 ἕκαστοι
725 2141 1035 2211 διασκεδάννυσθαι
1053 2142 1109 2210 ἐπὶ
1125 2137 1167 2208 τά

172 2263 187 2311 3
205 2245 349 2332 σφέτερα
371 2239 448 2330 ήθη.
493 2240 550 2308 καλ
574 2240 675 2310 τούτο
699 2238 746 2322 ῶς
771 2241 917 2311 έπύθετο
937 2239 1165 2342 Ἀλέξανδρός,
1179 2275 1208 2316 το

206 2348 385 2416 ἐνδίδωσιν
403 2340 520 2420 αὐτοῖς
544 2340 669 2430 χρόνον
692 2367 728 2410 τε
746 2343 781 2422 ές
798 2341 861 2428 τὴν
879 2341 1093 2430 ἀποχύρησιν
1111 2342 1171 2410 καλ

204 2450 263 2534 τῆς
280 2445 434 2533 φυλακῆς
450 2439 512 2529 τήν
529 2439 700 2510 κύκλωσιν
717 2441 780 2529 τήν
798 2443 907 2531 πάντη
929 2440 1078 2531 ἀφελεῖν.
1111 2443 1167 2512 καὶ

205 2544 310 2626 αύτός
336 2549 452 2632 ἔμενεν
476 2546 551 2611 ἕστε
573 2541 719 2630 ἤρξαντο
742 2548 801 2630 τής
819 2543 1085 2634 ἀποχωρήσεως·
1111 2543 1167 2612 καὶ

206 2650 244 2716 έν
266 2643 377 2737 τούτῳ
404 2641 588 2732 ἀναλαβών
613 2649 684 2712 τῶν
708 2643 1008 2733 σωματοφυλάκων
1025 2646 1083 2714 καλ
1100 2647 1167 2713 τῶν

204 2745 426 2816 ύπασπιστῶν
452 2747 486 2825 ές
511 2745 731 2825 ἑπτακοσίους
755 2747 840 2814 κατά
857 2745 896 2814 τό
916 2747 1167 2835 ἐκλελειμμένον
1178 2774 1203 2817 τι

154 2843 156 2874 ³
203 2853 262 2936 τῆς
295 2847 418 2937 πέτρας
450 2845 625 2937 ἀνέρχεται
656 2849 689 2926 ές
721 2845 829 2933 αύτήν
861 2851 1012 2935 πρῶτος,
1046 2848 1104 2916 καὶ
1134 2851 1170 2916 οέ

205 2948 402 3030 Μακεδόνες
416 2947 516 3027 ἀλλος
530 2947 618 3035 άλλη
632 2945 815 3032 ἀνιμῶντες
828 2945 998 3034 ἀλλήλους
1007 2943 1164 3037 ἀνήεσαυ.

170 3053 263 3118 4καὶ
290 3041 382 3119 οὗτοι
410 3051 465 3119 ἐπὶ
491 3046 570 3126 τούς
604 3045 866 3134 ἀποχωροῦντας
892 3051 961 3117 τῶν
987 3050 1167 3138 βαρβάρων

204 3147 407 3239 τραπόμενοι
436 3148 503 3216 ἀπὸ
532 3146 758 3235 ξυνθήματος,
790 3149 939 3230 πολλούς
965 3150 1028 3237 μὲν
1054 3145 1166 3220 αὐτῶν

205 3253 242 3320 έν
268 3253 309 3336 τῇ
337 3252 432 3336 φυγῇ
461 3247 673 3317 ἀπέκτειναν·
700 3253 736 3317 οί
765 3249 803 3318 δὲ
835 3253 893 3319 καλ
927 3251 1201 3339 πιφοβημένωςω

204 3349 460 3437 ἀποχωροῦντες
494 3348 578 3417 κατά
612 3354 681 3417 τῶν
708 3353 866 3437 κρημνῶν
889 3353 1054 3437 ῥίψαντες
1080 3355 1165 3438 σφάς

151 3539 154 3550 Ι
204 3450 388 3519 ἀπέθανον.
423 3449 529 3535 εἴχετό
545 3475 581 3517 τε
594 3447 803 3540 Ἀλεξάνδρῳ
820 3449 841 3536 ή
855 3453 959 3540 πέτρα
972 3450 993 3538 ή
1008 3455 1054 3543 τῷ
1065 3449 1165 3540 Ἡρα-
