2620 3924
459 149 644 202 ιαιοιειτ
661 151 692 213 ν,
711 151 754 202 21.
1043 147 1087 214 89

115 316 223 380 ματος
248 289 307 358 καὶ
332 285 401 377 ἅμα
425 287 648 381 ἀντιπρώροις
665 289 812 380 τριήρεσι
834 298 975 370 πολλαῖς
993 287 1086 378 ὁρῶν

117 391 362 480 πεφραγμένον
386 389 446 459 τὸν
474 397 636 460 ἔσπλουν·
671 407 762 480 τρεῖς
786 391 824 462 δὲ
847 393 907 472 τάς
934 392 1085 472 ἐξωτάτω

120 493 339 582 ἐφορμούσας
365 496 413 581 τῷ
443 492 581 580 στόματι
606 493 749 582 τριήρεις
776 494 1022 583 προσπεσόντες
1052 495 1089 560 οἱ

121 603 280 674 Φοίνικες
307 594 364 662 καὶ
389 592 597 682 ἀντίπρωροι
615 594 816 682 ἐμβαλόντες
841 594 1085 664 καταδύουσιν·

91 701 157 766 σοι’
174 695 214 764 δὲ
234 699 271 765 ἐν
289 709 363 774 ταῖς
377 696 503 764 ναυσὶν
522 693 563 764 ού
578 699 730 782 χαλεπῶς
749 693 957 784 ἀπενήξαντο
972 699 1005 774 ἐς
1023 693 1085 781 τήν

119 801 200 886 γῆν,
209 805 329 885 φιλίαν
339 786 458 866 οῦσαν·
468 793 551 866 ’τότε
560 795 622 884 μὲν
632 797 674 884 δή
684 795 726 866 ού
741 796 857 888 πόρρω
869 801 931 868 τοῦ
946 801 1084 884 ποιητοῦ
1105 818 1138 867 10

119 898 277 986 χάματος
294 897 381 966 κατὰ
399 898 463 966 τόν
481 898 649 986 αἰγιαλόν,
667 903 725 968 ἵνα
743 898 848 987 σκέπη
865 903 934 968 τῶν
952 897 1087 984 ἀνέμων

123 1003 302 1087 ἐφαίνετο,
333 1003 369 1068 οἱ
397 999 464 1068 σύν
492 997 701 1092 Ἀλεξάνδρῳ
732 998 933 1090 ῶρμίσαντο.
974 1003 1015 1086 τή
1048 997 1087 1066 δὲ

120 1099 287 1190 ύστεραίηι
311 1100 394 1179 τούς
422 1099 486 1187 μὲν
510 1107 690 1190 Κυπρίους
718 1101 782 1181 ξύν
811 1117 890 1183 ταῖς
910 1101 1086 1188 σφετέραις

84 1232 108 1272 ιο
121 1204 227 1272 ναυσὶ
241 1202 299 1270 καὶ
313 1199 534 1291 Ἀνδρομάχῳ
551 1207 599 1293 τῷ
613 1201 776 1295 ναυάρχῳ
790 1203 874 1272 κατά
889 1201 951 1270 τόν
968 1201 1086 1290 λιμένα

120 1304 183 1372 τδν
215 1306 253 1372 ἐκ
285 1306 439 1382 Σιδῶνος
470 1301 619 1392 φέροντα
650 1303 826 1374 ἐκέλευσεν
851 1307 1012 1393 ἐφορμεῖν
1043 1305 1085 1388 πή

123 1405 236 1490 πόλει,
263 1402 344 1482 τοός
369 1402 408 1472 δὲ
427 1412 588 1484 Φοίνικας
610 1405 695 1472 κατά
721 1405 784 1474 τόν
809 1403 862 1476 ἐπ’
889 1407 1001 1474 ἐκεῖνα
1024 1405 1086 1470 τοῦ

122 1507 276 1594 χάματος
290 1504 351 1573 τόν
365 1504 451 1593 πρὸς
466 1515 644 1592 Αίγυπτον
658 1505 836 1595 ἀνέχοντα,
851 1511 909 1576 ἵνα
921 1507 979 1574 καὶ
993 1502 1087 1595 αύτῷ

123 1607 269 1695 δεινὴ
286 1598 338 1694 ἦν·
503 1699 506 1706 ,
561 1673 564 1680 .

87 1737 111 1778 15
190 1707 279 1794 Ἤδη
299 1707 338 1776 δὲ
361 1707 420 1776 καὶ
443 1711 680 1795 μηχανοποιῶν
708 1705 802 1800 αύτῷ
830 1711 966 1778 πολλῶν
991 1713 1027 1776 ἔκ
1051 1719 1136 1784 τε21

125 1809 272 1898 Κύπρου
300 1810 358 1878 καὶ
385 1816 545 1896 Φοινίκης
569 1807 701 1896 ἁπάσης
725 1808 1000 1897 συλλελεγμένων
1023 1836 1088 1896 μη·

93 1913 96 1918 ’
125 1911 226 1996 χαναὶ
252 1910 376 1978 πολλαὶ
400 1911 680 1997 συμπεπηγμέναι
696 1901 800 1998 ήσαν,
818 1915 857 1978 αι’
871 1910 934 1997 μὲν
954 1911 1008 1978 ἐπὶ
1026 1913 1087 1981 τοῦ

125 2011 298 2100 χάματος,
323 2015 362 2078 αί
385 2009 424 2078 δὲ
449 2012 505 2080 ἐπὶ
531 2015 600 2080 τῶν
626 2015 835 2098 ἱππαγωγῶν
856 2016 963 2100 νεῶν,
989 2006 1030 2088 ἀς
1052 2013 1089 2078 ἐκ

127 2117 282 2192 Σιδῶνος
306 2108 375 2199 ἅμα
400 2105 436 2179 ολ
459 2111 631 2199 ἐκόμισεν,
656 2117 696 2180 αλ
716 2110 755 2181 δὲ
779 2114 835 2182 ἐπὶ
858 2117 927 2196 τῶν
943 2114 1089 2200 τριηρῶν

89 2212 202 2284 νοῦσοι
219 2211 336 2282 αὐτῶν
354 2208 396 2282 ού
415 2215 689 2298 ταχυναυτοῦσαι
704 2204 800 2300 ἦσαν.
834 2213 879 2294 ῶς
905 2213 944 2284 δὲ
961 2232 1087 2301 παρεσ-
1104 2230 1122 2278 ν

126 2316 270 2386 κεύαστο
288 2311 351 2400 ήδη
366 2313 558 2402 ξύμπαντα,
577 2319 748 2403 προσήγον
763 2315 824 2396 τοὶς
837 2315 989 2404 μηχανὰς
1002 2313 1088 2381 κατά

126 2444 161 2486 τε
184 2416 223 2486 τὸ
249 2414 390 2503 ποιητδν
420 2419 517 2503 χῶμα
540 2417 597 2484 καὶ
621 2414 689 2484 ἀπδ
716 2420 794 2486 τῶν·
808 2425 896 2486 νεῶν
920 2415 1006 2503 άλλη
1030 2415 1088 2490 καλ

126 2517 212 2607 ἄλλη
227 2520 289 2586 τοῦ
305 2524 438 2602 τείχους
452 2517 765 2606 προσορμιζομένων
777 2544 813 2586 τε
826 2520 883 2586 καὶ
897 2516 1088 2604 ἀποπειρω-

126 2619 238 2708 μένων
255 2621 316 2687 τοῦ
334 2625 477 2704 τείχους.
563 2666 575 2680 ,

91 2747 116 2788 ιι
206 2724 253 2790 Οἱ
275 2723 313 2787 δε
343 2718 459 2808 Τύριοι
484 2721 544 2790 ἐπί
564 2746 600 2788 τε
623 2722 691 2788 τῶν
717 2719 887 2799 ἐπάλξεων
910 2722 980 2787 τῶν
1003 2717 1124 2786 κατάο

127 2822 165 2890 τό
191 2825 287 2908 χῶμα
304 2819 460 2910 πύργους
484 2820 645 2910 ξυλίνους
665 2818 869 2908 ἐπέστησαν,
890 2817 936 2898 ῶς
953 2818 1088 2906 ἀπομά-

128 2933 246 3009 χεσθαι
254 2919 314 2989 ἀπ’
330 2920 459 3011 αὐτῶν,
472 2923 531 2990 καὶ
544 2931 580 2990 εί
589 2947 636 3010 πη
647 2919 734 3010 άλλη
749 2925 789 2988 αί
798 2922 945 3008 μηχαναὶ
959 2920 1089 3010 προσή-

128 3051 248 3110 γοντο,
270 3022 387 3110 βέλεσί
408 3049 444 3092 τε
467 3021 639 3111 ήμύνοντο
662 3024 719 3092 καὶ
746 3022 935 3112 πυρφόροις
962 3029 1089 3103 οίστοίς

130 3131 271 3213 ἔβαλλον
289 3121 395 3204 αύτδς
413 3123 472 3204 τὰς
489 3128 597 3212 ναῦς,
615 3121 698 3194 ῶστε
715 3123 825 3212 φόβον
843 3125 999 3214 παρέχειν
1015 3139 1088 3205 τοῖς

95 3251 118 3294 ω
130 3224 303 3296 Μακεδόσι
326 3225 476 3310 πελάζειν
499 3228 547 3316 τῷ
565 3235 672 3312 τείχει.
709 3217 753 3312 ήν
777 3224 816 3296 δὲ
833 3225 953 3305 αῦτοίς
970 3229 1028 3296 καὶ
1046 3226 1122 3296 τάκ

130 3336 218 3414 τείχη
236 3327 321 3396 κατὰ
339 3326 377 3396 τό
397 3330 492 3415 χῶμα
510 3326 602 3396 τότε
628 3325 716 3408 ὕψος
735 3334 783 3406 είς
802 3329 1008 3416 πεντήκοντα
1031 3329 1089 3396 καὶ

132 3428 248 3498 ἑκατόν
278 3428 423 3516 μάλιστα
454 3427 562 3510 πόδας
594 3430 652 3496 καὶ
685 3433 718 3508 ἐς
745 3427 870 3510 πλάτος
900 3428 1089 3516 ξύμμετρον
