2620 3924
476 193 661 246 ΑΝΑΒΔΣΙΣ
679 196 706 257 ι,
724 197 748 247 ο.
1036 191 1096 256 163

126 359 282 441 Λανίκην
300 349 362 439 τήν
381 356 570 441 Δρωπίδου
590 356 709 438 παῖδα,
737 348 782 430 ἀς
805 351 891 419 καλά
916 349 983 439 ἀρα
1007 349 1095 438 αὐτή

124 469 268 540 τροφεῖα
294 451 496 532 ἀποτετικὼς
523 462 574 540 είη
601 449 805 539 ἀνδρωθείς,
831 449 910 538 ήγε
927 449 1009 530 τοδς
1035 450 1131 538 μέν4

128 558 254 633 παῖδας
272 553 356 632 τοὺς
375 555 495 639 έαυτής
512 551 602 640 ὑπὲρ
617 547 725 622 αάτοῦ
736 553 947 639 μαχομένους
963 553 1097 620 ἐπεῖδεν

127 652 380 741 ἀποθανόντας,
407 653 467 722 τὸν
493 651 645 742 ἀδελφόν
673 652 711 721 δὲ
735 652 842 740 αὐτῆς
862 649 966 730 αὐτὸς
993 651 1093 720 αάτο-

100 761 238 845 εχειρίᾳ
266 760 404 823 ἔκτεινε·
431 755 539 841 φονέα
563 781 598 823 τε
621 759 691 822 τοῖν
717 761 829 841 φίλων
848 751 889 823 οά
915 757 1097 821 διαλείπειν

127 855 236 924 αδτὸν
250 854 504 936 ἀνακαλοῦντα,
525 852 640 924 άσιτόν
653 881 688 922 τε
705 855 762 922 καὶ
781 852 907 922 ἀποτον
924 867 1098 942 καρτερεῖν

129 963 203 1026 ἐστε
221 957 276 1024 ἐπὶ
294 969 384 1044 τρεῖς
401 954 537 1046 ἡμέρας,
566 953 653 1025 οάδέ
675 982 750 1023 τινα
777 953 883 1041 ἀλλην
909 962 1097 1042 θεραπείαν

126 1061 340 1146 θεραπεῦσαι
366 1054 405 1124 τό
434 1059 539 1144 σῶμα.

206 1157 274 1226 Καὶ
303 1157 359 1227 ἐπὶ
385 1157 515 1238 τούτοις
540 1159 610 1225 τάν
641 1154 794 1245 μάντεοόν
819 1181 908 1234 τινες
934 1158 1034 1244 μῆνιν
1062 1157 1132 1226 ἐκῠ

90 1288 117 1328 ιο
131 1248 426 1346 Διονάσονήδον,
453 1257 503 1327 ὅτι
520 1256 542 1346 ή
559 1265 678 1353 θυσία1
694 1258 870 1345 ἐξελείφθη
891 1254 1098 1346 Ἀλεξάνδρῳ

127 1359 229 1446 ήτοῦ
249 1357 433 1429 Διονόσου.
477 1359 534 1426 καὶ
555 1355 774 1447 Ἀλέξανδρος
798 1358 896 1445 μόγις
922 1355 1007 1444 πρὸς
1030 1359 1100 1424 τῶν

134 1462 277 1548 ἑταίρων
295 1459 444 1539 πεισθείς
462 1467 558 1528 σίτου
577 1485 613 1528 τε
630 1456 738 1545 ήψατο
751 1460 808 1527 καὶ
821 1457 859 1526 τδ
879 1461 974 1546 σῶμα
988 1461 1099 1537 κακῶς

130 1559 355 1648 ἐθεράπευσε·
378 1561 435 1627 καί
455 1562 502 1650 τῷ
519 1559 680 1651 Διονάσςο
693 1559 755 1646 τήν
768 1566 898 1630 θυσίαν
912 1558 1101 1644 ἀπέδωκεν,

131 1662 204 1730 ἐπεὶ
218 1657 301 1728 οάδέ
319 1656 415 1752 αὐτῷ
432 1657 548 1728 άκοντι
565 1652 607 1747 ήν
622 1663 655 1740 ἐς
671 1665 771 1748 μήνιν
784 1663 845 1729 τοῦ
859 1669 959 1732 θείου
969 1659 1100 1747 μάλλόν

89 1791 116 1836 τε
129 1787 160 1830 τι
176 1757 198 1849 ή
214 1759 277 1848 τήν
294 1759 402 1828 αὐτοῦ
429 1759 596 1849 κακότητα
622 1759 854 1850 ἀναφέρεσθαι
879 1763 941 1850 τήν
967 1761 1099 1848 ξυμφο·

130 1862 205 1950 ράν.
232 1864 338 1930 ταῦτα
356 1863 546 1948 μεγαλωστὶ
568 1863 692 1930 ἐπαινῶ
703 1859 939 1951 Ἀλεξάνδρου,
961 1861 999 1928 τδ
1018 1861 1100 1947 μήτε
1117 1877 1133 1927 6

53 2001 56 2006 ·
130 1960 457 2032 ἀπαυθαδιάσασθαι
476 1963 531 2030 ἐπὶ
554 1965 661 2053 κακῷ,
683 1960 764 2049 μήτε
782 1964 972 2051 προστάτην
989 1987 1025 2030 τε
1041 1962 1099 2030 καὶ

130 2062 320 2151 ξυνήγορον
336 2070 479 2132 κακίονα
499 2068 545 2132 ἔτι
568 2064 727 2148 γενέσθαι
749 2069 812 2132 τοῦ
836 2062 1100 2154 ἁμαρτηθέντος,

130 2162 216 2232 ἀλλά
235 2169 411 2251 συμφήσαι
435 2161 501 2251 γάρ
528 2165 718 2232 ἐπταικέναι
740 2162 925 2254 ἀνθρωπόν
948 2191 987 2251 γε
1005 2162 1098 2232 ὄντα.

90 2293 117 2334 ιο
208 2265 287 2335 Εἰσὶ
315 2264 353 2332 δὲ
384 2271 420 2333 οἳ
443 2266 602 2350 λέγουσιν
620 2263 824 2352 Ἀνάξαρχον
849 2267 910 2334 τὸν
938 2264 1133 2352 σοφιστήνλ

132 2367 248 2434 ἐλθεῖν
274 2363 337 2451 μέν
363 2359 445 2454 παρ’
461 2364 686 2454 Ἀλέξανδρον
713 2368 890 2454 κληθέντα,
919 2364 964 2446 ἀς
988 2391 1099 2454 παρα-

130 2465 387 2554 μυθησόμενον·
415 2463 558 2554 εὑρόντα
583 2467 621 2534 δὲ
646 2475 801 2554 κείμενον
819 2469 876 2536 καὶ
896 2467 1099 2536 στένοντα

132 2566 392 2654 ἐπιγελάσαντα,
416 2565 572 2653 ἀγνοεῖν,
602 2567 725 2656 φάναι,
756 2567 840 2636 διότι
866 2571 921 2637 ἐπὶ
948 2571 1035 2659 τῷδε
1067 2572 1102 2636 οί

132 2667 236 2736 πάλαι
262 2667 364 2752 σοφοὶ
390 2665 512 2755 ἀνδρες
538 2667 601 2753 τήν
627 2674 739 2756 Δίκην
767 2668 938 2757 πάρεδρον
964 2673 1011 2760 τῷ
1039 2673 1101 2738 Διῒ

90 2799 117 2839 ιε
132 2770 295 2855 ἐποίησαν
314 2765 359 2847 άς
376 2764 396 2834 δ’
412 2793 444 2836 τι
462 2764 505 2835 ἀν
522 2767 608 2857 πρὸς
625 2772 685 2836 τοῦ
706 2767 791 2847 Διός
808 2776 954 2858 κυρωθῇ
962 2821 971 2854 ,
998 2771 1100 2837 τοῦτο

130 2869 196 2950 ξάν
214 2873 293 2956 δίκη
311 2869 564 2956 πεπραγμένον·
593 2870 650 2937 καὶ
668 2859 733 2937 οὖν
750 2871 808 2937 καὶ
826 2869 867 2937 τά
887 2873 923 2938 ἐκ
936 2871 1099 2956 βασιλέως

130 2969 279 3058 μεγάλου
296 2969 478 3057 γιγνόμενα
496 2961 610 3038 δίκαια
624 2973 744 3058 χρήναι
757 2976 963 3058 νομίζεσθαι,
982 2973 1100 3058 πρῶτα

130 3070 193 3157 μὲν
211 3069 293 3157 πρὸς
317 3068 426 3138 αὐτοῦ
449 3071 625 3157 βασιλέως,
653 3076 763 3138 ἔπειτα
789 3071 873 3160 πρὸς
897 3075 966 3139 τάν
985 3069 1100 3140 ἀλλων

131 3168 333 3257 ἀνθρώπων.
391 3175 497 3238 ταῦτα
525 3171 662 3239 είπόντα
689 3173 1001 3260 παραμυθήσασθαι
1035 3172 1133 3260 μένε

91 3300 117 3340 ιο
128 3269 348 3360 Ἀλέξανδρον
364 3275 401 3341 ἐν
414 3276 462 3361 τῷ
471 3269 560 3338 τότε
576 3271 681 3340 κακόν
691 3272 729 3340 δὲ
742 3273 840 3361 μέγα,
859 3273 905 3354 οδς
920 3273 987 3361 ἐγώ
1000 3301 1096 3362 φημι,

132 3371 377 3460 ἐξεργάσασθαι
389 3368 598 3462 Ἀλεξάνδρῳ
621 3375 678 3440 καὶ
695 3381 807 3459 μεῖζον
828 3381 875 3443 ἐτι
892 3371 913 3462 ή
931 3373 997 3466 ὄτφ
1020 3376 1097 3443 τότε

130 3474 315 3561 ξυνείχετο·
339 3483 433 3561 είπερ
456 3463 519 3541 οὖν
538 3476 647 3560 σοφοῦ
668 3471 793 3564 ἀνδρός
807 3474 909 3561 τήνδε
930 3481 1018 3561 ἔγνω
1036 3476 1098 3561 τήν

843 3584 893 3635 ll*
