2620 3924
198 168 257 234 156
551 164 801 228 ΑΔΕΞΔΝΔΡΟΤ

159 333 345 419 4λογισμῶ
376 326 671 414 ξυνεσβάλλουσιν.
703 331 810 396 ’ἔνθα
845 323 888 414 δή
914 329 1115 413 προσλαβὼν
1141 321 1162 392 ό

195 429 409 516 Σπιταμένης
443 433 513 496 τῶν
548 432 699 498 Σκυθῶν
735 428 865 496 ίππέων
899 429 932 506 ἐς
966 428 1163 506 ἑξακοσίους

196 528 415 619 προσεπήρθη
454 527 523 597 ύπδ
564 531 622 615 τῆς
661 528 848 615 ξυμμαχίας
887 529 946 612 τῆς
987 528 1162 612 Σκυθικῆς

197 631 357 711 δέξασθαι
384 627 537 708 ἐπιόντας
562 629 643 708 τούς
670 627 889 708 Μακεδόνας·
926 623 1159 714 παραταξάμε-

196 755 254 810 νος
293 729 331 798 δὲ
370 731 407 798 ἐν
446 737 560 820 χωρίῳ
599 729 715 820 ὁμαλῷ
755 727 840 817 πρός
877 728 919 815 τή
954 725 1066 819 ἐρήμῳ
1101 729 1191 813 τηςε

198 834 372 916 Σκυθικῆς
398 823 580 916 ύπομείναι
604 828 668 918 μὲν
693 831 775 908 τούς
802 834 984 915 πολεμίους
1010 824 1031 913 ἢ
1058 825 1162 906 αύτός

198 936 232 1012 ἐς
261 930 387 1010 αύτούς
420 933 578 1018 ἐμβαλεῖν
610 927 674 998 ούκ
706 927 826 1016 ἤθελε,
859 928 1090 1017 περιϊππεύων
1124 926 1163 996 δὲ

162 1051 179 1100 σ
200 1033 351 1113 ἐτόξευεν
378 1033 412 1110 ἐς
436 1029 499 1117 τὴν
517 1030 676 1117 φάλαγγα
697 1034 766 1099 τῶν
784 1029 902 1112 πεζῶν.
942 1030 1000 1097 καί
1020 1031 1162 1097 ἐπελαυ-

197 1133 329 1201 νόντων
354 1130 417 1219 μὲν
442 1130 561 1211 αύτοίς
585 1137 656 1198 τῶν
682 1130 769 1220 ἀμφί
790 1128 993 1217 Φαρνούχην
1019 1135 1162 1216 ἔφευγεν

198 1233 364 1317 εὐπετῶς,
395 1226 451 1300 οία
484 1231 526 1319 δή
560 1229 738 1321 ῶκυτίρων
764 1259 799 1302 τε
825 1229 940 1310 αὐτοῖς
966 1232 1024 1298 καί
1051 1233 1089 1299 ἐν
1113 1235 1163 1321 τῷ
1177 1253 1204 1293 1ο

197 1333 272 1402 τότε
287 1327 518 1420 ἀκμαιοτέρων
536 1331 645 1400 όντων
669 1336 739 1401 τῶν
768 1338 895 1418 ἵππων,
919 1345 990 1410 τοίς
1018 1329 1049 1398 δ’
1075 1329 1163 1417 ἀμφὶ

114 1429 118 1435 ’
194 1434 423 1520 Ἀνδρόμαχον
447 1431 516 1501 ύπό
542 1459 578 1501 τε
602 1435 661 1518 τῆς
679 1435 840 1520 ξυνεχοῦς
866 1439 1007 1520 πορείας,
1020 1433 1077 1500 καὶ
1096 1429 1163 1518 ἀμα

199 1537 293 1622 χιλοῦ
329 1531 456 1624 ἀπορίᾳ
489 1533 657 1602 κεκάκωτο
691 1532 713 1620 ή
741 1537 858 1611 ἵππος·
898 1533 1038 1618 με’νουσι
1071 1531 1109 1600 δὲ
1141 1529 1163 1618 ή

165 1633 437 1721 ούποχωρούσιν
455 1633 624 1701 ἐπέκειντο
641 1631 818 1722 εόρῶστως
836 1636 871 1700 οί
888 1633 1032 1701 Σκύθαι.
1078 1637 1163 1702 ἔνθα

199 1735 242 1822 δή
268 1737 406 1803 πολλῶν
421 1731 485 1821 μὲν
501 1735 776 1821 τιτρωσκομένων
803 1735 839 1802 ἐκ
856 1735 924 1800 τῶν
940 1732 1163 1820 τοξευμάτων,
1178 1753 1205 1793 1⁵

199 1843 268 1905 ἔστι
293 1833 326 1902 δ’
355 1825 403 1903 ῶν
429 1835 487 1902 καί
512 1833 706 1902 πιπτόντων
731 1837 764 1913 ἐς
786 1839 942 1902 πλαίσιον
962 1833 1163 1922 ἰσόπλευρον

198 1936 355 2018 τάξαντες
386 1935 467 2014 τούς
499 1933 701 2019 στρατιῶτας
728 1933 921 2022 ἀνεχῶρουν
947 1931 993 2013 ῶς
1019 1937 1075 2004 ἐπὶ
1102 1928 1164 2004 τόν

199 2036 351 2124 ποταμὸν
382 2035 442 2104 τόν
468 2041 724 2124 Πολυτίμητον,
759 2033 811 2102 ὅτι
834 2031 942 2114 νάπος
966 2035 1074 2123 ταύτη
1107 2027 1162 2122 ἦν,

200 2137 245 2218 ῶς
270 2135 352 2224 μήτε
368 2151 439 2214 τοῖς
455 2135 638 2224 βαρβάροις
655 2133 792 2214 εὐπετὲς
812 2141 859 2202 ἔτι
876 2133 962 2204 εἶναι
981 2135 1163 2216 ἐκτοξεύειν

201 2242 234 2318 ἐς
271 2235 417 2322 αύτούς,
452 2243 548 2322 σφίσι
578 2262 614 2304 τε
646 2239 682 2304 οί
705 2236 795 2318 πεζοί
822 2233 1067 2324 ῶφελιμῶτεροι
1093 2227 1162 2305 ῶσι.
1177 2254 1205 2295 20

88 2359 100 2380 ·
167 2346 182 2394 ‘1
275 2335 433 2423 Κάρανος
483 2335 521 2404 δέ
567 2333 585 2403 ὁ
626 2335 793 2425 ἱππάρχης
820 2335 899 2405 ὀὐκ
934 2336 1163 2416 ἀνακοινώσας

194 2436 412 2528 Ἀνδρομάχῳ
439 2440 624 2523 διαβαίνειν
651 2441 844 2525 ἐπεχείρησε
869 2435 931 2505 τόν
948 2436 1100 2526 ποταμόν
1118 2435 1163 2516 ῶς

201 2541 234 2618 ἐς
260 2534 410 2625 ἀσφαλὲς
435 2536 541 2626 ταύτῃ
568 2533 785 2626 καταστήσων
810 2536 872 2624 τήν
898 2542 1019 2606 ἵππον·
1046 2539 1103 2606 καὶ
1130 2543 1167 2606 οί

201 2640 291 2722 πεζοὶ
309 2635 404 2728 αύτῶ
423 2637 714 2725 ἐπηκολούθησαν,
737 2636 801 2706 ούιι
820 2641 857 2706 ἐκ
874 2641 1163 2727 παραγγέλματος,

200 2739 287 2808 ἀλλά
314 2737 444 2826 φοβερά
469 2740 588 2807 τεκαὶ
614 2737 730 2808 οὐδενί
755 2737 869 2830 κόσμῳ
897 2741 1028 2825 ἐγένετο
1046 2738 1163 2819 αὐτοῖς
1177 2765 1204 2808 ιε

200 2839 221 2926 ή
257 2845 389 2928 ἔσβασις
423 2832 444 2926 ή
478 2841 511 2917 ἐς
544 2837 605 2907 τόν
644 2839 796 2926 ποταμόν
833 2838 917 2907 κατά
954 2839 1164 2928 κρημνῶδεις

167 2937 260 3019 ετάς
303 2937 419 3027 όχθας.
489 2941 546 3006 καί
589 2944 626 3006 οί
661 2939 823 3028 βάρβαροι
866 2940 1064 3029 αἰσθόμενοι
1101 2941 1164 3028 τὴν

200 3040 368 3127 ἁμαρτίαν
385 3044 454 3132 τῶν
472 3035 685 3107 Μακεδόνων
711 3038 827 3118 αύτοίς
854 3045 968 3122 ἵπποις
988 3049 1089 3111 ἔνθεν
1106 3041 1163 3110 καί

202 3147 302 3210 ἐνθεν
322 3138 543 3227 ἐσβάλλουσιν
570 3141 604 3217 ἐς
628 3136 689 3206 τόν
714 3136 830 3226 πόρον.
870 3143 928 3210 καί
954 3147 991 3210 οί
1013 3142 1076 3229 μὲν
1093 3145 1163 3210 τῶν

198 3239 264 3327 ήδη
291 3239 539 3326 διαβεβηκότων
565 3239 622 3307 καὶ
647 3236 919 3328 ἀποχωρούντων
951 3252 1097 3330 είχοντο,
1130 3247 1204 3317 οίοο

201 3339 239 3409 δὲ
264 3339 346 3420 τούς
372 3344 609 3427 διαβαίνοντας
635 3338 858 3428 ἀντιμέτωποι
872 3345 1052 3428 ταχθέντες
1070 3340 1165 3412 ἀνεί-

167 3447 285 3509 9λοον
318 3445 351 3521 ἐς
383 3439 442 3508 τόν
473 3440 641 3530 ποταμόν,
673 3446 711 3509 οί
739 3441 778 3510 δὲ
810 3441 876 3511 ἀπό
910 3446 978 3512 τῶν
1010 3451 1166 3530 πλαγίων
