2572 3920
205 167 248 232 48
559 167 812 224 ΔΑΕΞΑΝΔΡΟΤ

205 307 334 378 νασσόυ
353 302 590 378 ἀναπαύεσθαι
602 307 666 396 μὲν
679 302 718 376 ἕν
730 312 937 397 μεσημβρίᾳ,
964 305 1118 394 χελιδόνα
1132 303 1172 376 δδ
1213 378 1216 388 ,

206 410 441 498 περιπέτεσθαι
463 407 552 496 ὑπὲρ
575 413 635 496 τῆς
658 411 805 495 κεφαλῆς
830 407 1019 497 τρύζουσαν
1043 407 1170 494 μεγάλα

206 513 339 597 καὶτῆς
356 508 458 598 εύνῆς
476 508 561 599 άλλη
580 508 636 578 καὶ
655 507 742 598 άλλη
761 505 982 593 ἐπικαθίζειν,
1008 515 1169 598 θορυβω-

57 609 63 623 ’
171 612 364 700 λδέστερον
387 607 409 698 ῆ
433 609 516 678 κατά
540 607 578 679 τό
595 607 725 690 είωθδς
750 607 912 699 ᾅδουσαν.
948 607 1008 696 τόγ
1037 607 1076 678 δὲ
1099 606 1167 678 ύπδ

205 711 353 800 καμάτου
368 708 550 800 ἐγερθῆναι
562 710 626 798 μὲν
640 705 815 790 ἀδυνάτως
829 717 915 798 ἔχειν
925 705 963 778 ἐκ
972 714 1033 779 τού
1043 707 1167 797 ύπνου,
1195 736 1209 778 ε

205 809 449 900 ἐνοχλούμενον
463 811 501 880 δὲ
514 811 596 899 πρὸς
609 816 667 898 τῆς
684 816 801 899 φωνῆς
818 815 861 900 τῆ
878 810 962 898 χειρὶ
980 807 1020 878 ού
1039 811 1168 898 βαρέως

205 911 413 1000 ἀποσοβῆσαι
430 911 491 1000 τῆν
508 911 679 1000 χελιδόνα·
703 910 766 998 τῆν
780 911 818 980 δέ
831 910 993 980 τοσούτου
1008 908 1074 1000 ἀρα
1088 916 1166 996 δεῆ-

206 1034 262 1082 σαι
271 1011 463 1102 ἀποφυγεῖν
472 1021 657 1101 πληγεῖσαν
667 1011 751 1080 έίστε
766 1013 820 1080 ἐπὶ
832 1018 891 1099 τῆς
904 1017 1052 1100 κεφαλῆς
1065 1008 1169 1098 αύτῆς

204 1119 265 1182 τοῦ
276 1112 496 1203 Ἀλεξάνδρου
510 1114 707 1203 καθημένην
720 1111 765 1200 μῆ
778 1111 930 1203 πρόσθεν
944 1110 1074 1182 ἀυεϊυαι
1087 1113 1168 1201 πρὶν

170 1228 189 1279 8
206 1220 378 1296 παντελῶς
395 1217 611 1303 ἐξεγερθῆναι
623 1212 854 1303 Ἀλέξανδρον.
877 1214 934 1284 καλ
949 1211 1167 1302 Ἀλέξανδρος
1182 1243 1210 1284 ιο

205 1314 246 1384 ού
261 1321 394 1410 φαῦλον
408 1315 628 1404 ποιησάμενος
638 1313 678 1384 τδ
691 1321 751 1402 τῆς
765 1313 934 1403 χελιδόνος
944 1312 1169 1384 ἀνεκοίνωσεν

202 1413 428 1508 Ἀριστάνδρφ
445 1421 492 1508 τῷ
511 1425 697 1504 Τελμισσεῖ,
714 1414 844 1504 μάντει·
874 1409 1116 1505 Ἀρίστανδρου
1130 1414 1168 1484 δὲ

206 1515 387 1604 έπιβουλῆυ
403 1516 467 1604 μὲν
484 1522 521 1586 ἔκ
538 1543 599 1586 του
616 1522 685 1586 τῶν
703 1524 815 1603 φίλων
834 1525 1057 1604 σημαίνεσθαι
1075 1514 1185 1610 αύτῷ,

206 1623 329 1686 εἰπεῖν·
372 1623 597 1705 σημαίνεσθαι
621 1617 739 1686 δὲκαὶ
765 1616 816 1686 ὅτι
841 1616 1035 1706 καταφανῆς
1066 1625 1166 1688 ἔσται.

203 1717 267 1803 τῆν
296 1715 362 1804 γάρ
391 1717 548 1805 χελιδόνα
578 1715 772 1805 σύντροφόν
794 1745 830 1787 τε
855 1717 941 1788 εἶναι
963 1717 1087 1807 ὄρνιθα
1110 1717 1166 1786 καὶ
1181 1745 1208 1787 ιε

206 1817 332 1888 εύνουυ
345 1813 538 1909 ἀνθρώποις
550 1820 608 1888 καὶ
621 1816 725 1888 λάλον
738 1824 866 1908 μᾶλλον
879 1814 900 1906 ῆ
914 1817 1020 1906 ἀλλην
1034 1817 1165 1908 ὄρνιθα.

170 1931 188 1982 9
286 1919 400 1990 Ταύτά
422 1947 459 1989 τε
479 1912 546 1990 ούν
562 1920 620 1990 καὶ
636 1919 677 1988 τά
694 1917 761 1990 ἀπό
786 1925 847 1990 τού
865 1921 1002 2009 Πέρσου
1027 1919 1166 2001 ξυνθεὶς

204 2019 325 2107 πέμπει
343 2019 389 2100 ὥς
407 2028 634 2110 Παρμενίωνα
647 2019 856 2109 Ἀμφοτερὸν
872 2019 933 2090 τόν
947 2019 1166 2109 Ἀλεξάνδρου

203 2120 266 2207 μὲν
291 2125 407 2206 παῖδα,
432 2119 583 2209 ἀδελφόν
606 2121 645 2192 δέ
667 2122 852 2211 Κρατέρου.
899 2123 956 2192 καὶ
979 2122 1166 2211 ξυμπέμπει

204 2217 297 2312 αύτῷ
326 2225 394 2290 τῶν
418 2229 598 2311 Περγαίων
621 2220 713 2303 τινάς
735 2220 797 2309 τῆν
819 2219 909 2296 ὁδόν,
924 2216 1164 2312 ἡγησομένους.
1179 2252 1207 2294 κο

203 2321 260 2388 καὶ
277 2313 302 2390 «ό
326 2319 528 2412 Ἀμφοτερός
552 2321 675 2410 στολῆυ
699 2321 801 2403 έυδός
825 2323 1018 2413 έπιχύριον,
1053 2321 1098 2404 ὥς
1121 2323 1166 2412 μὴ

203 2420 370 2512 γνοίριμος
389 2421 476 2492 εἶναι
492 2415 655 2511 κατάτῆν
673 2421 766 2509 ὁδόν,
785 2423 948 2510 λανθάνει
965 2422 1166 2514 ἀφικόμενος

154 2537 187 2588 10
204 2522 293 2610 παρά
318 2531 558 2612 Παρμενίωνα·
601 2525 658 2594 καὶ
688 2523 865 2612 γράμματα
891 2525 954 2613 μὲν
978 2523 1019 2594 ού
1044 2533 1166 2612 κομίζει

203 2620 284 2710 παρ’
322 2618 559 2713 Ἀλεξάνδρου·
610 2623 651 2694 ού
687 2623 752 2712 γάρ
782 2629 875 2707 ἔδοξε
903 2625 1046 2714 γράφειν
1077 2623 1165 2713 ύπλρ

203 2721 343 2804 οὐδενός
356 2724 510 2804 τοιούτου
525 2726 558 2806 ές
571 2724 608 2796 τό
624 2725 785 2814 ἐμφανές·
812 2725 861 2794 τά
872 2724 910 2794 δέ
928 2724 994 2794 ἀπό
1013 2725 1165 2813 γλύσσης
1178 2753 1205 2796 ετ

202 2829 237 2892 οί
261 2827 481 2914 ἐντεταλμένα
506 2826 679 2916 έξῆγγειλε.
715 2826 772 2896 καὶ
795 2825 883 2895 οὕτω
901 2825 1166 2915 ξυλλαμβάνεται

201 2923 221 2994 ὁ
236 2919 454 3015 Ἀλέξανδρος
472 2921 570 3008 οὗτος
588 2929 644 2996 καὶ
662 2931 700 2997 έν
716 2932 854 3016 φυλακῆ
870 2919 938 3015 ῆν.’

150 3032 193 3099 26
277 3024 495 3116 Ἀλέξανδρος
519 3027 558 3096 δέ
575 3026 659 3117 ἀρας
678 3031 714 3096 έκ
733 3033 923 3115 Φασηλίδος
940 3029 1041 3118 μέρος
1057 3029 1120 3117 μέν
1137 3055 1167 3100 τι

200 3132 259 3212 τῆς
283 3131 437 3214 στρατιάς
460 3125 515 3195 διά
536 3129 605 3196 των
629 3125 721 3214 ὀρῶν
745 3128 865 3216 πέμπει
882 3130 1110 3218 έκλΠέργης,
1142 3120 1166 3219 ῆ

202 3225 495 3313 άδοπεποιῆκεσαυ
508 3225 600 3320 αὐτῷ
618 3232 654 3298 οί
666 3231 796 3321 Θρᾷκες
813 3229 963 3317 χαλεπῆν
981 3229 1091 3311 άλλως
1108 3231 1205 3302 καίεο

200 3325 333 3415 μακράυ
363 3319 471 3397 οὖσαν
496 3326 559 3416 τῆν
590 3328 757 3419 πάροδονΙ
801 3327 904 3410 αύτός
929 3329 967 3400 δέ
991 3329 1082 3419 παρά
1104 3329 1167 3418 τῆν

199 3427 381 3498 θάλασσαν
411 3427 466 3498 διά
487 3432 547 3498 τοῦ
572 3435 725 3517 αἰγιαλοῦ
747 3423 810 3520 ῆγε
832 3427 912 3512 τούς
936 3427 1022 3519 ἀμφ’
1049 3427 1165 3502 αύτόυ.
