2620 3924
202 143 245 209 94
560 139 811 208 εΑοΞΑνοΡον

169 285 328 356 οαύτοῦ·
350 288 405 356 ἐπὶ
425 283 463 353 δὲ
480 282 575 374 αύτῷ
590 283 808 372 Ἀλέξανδρος
828 291 901 370 ἔσχε
919 283 956 351 τδ
976 299 1083 371 τεῖχος
1101 285 1166 366 ξύν
1213 345 1215 350 ,

202 403 273 468 τοῖς
293 389 457 475 ἑταίροις..
481 385 526 466 ύς
545 384 584 453 δὲ
603 395 732 472 εἴχοντο
756 383 850 476 αύτῷ
874 385 1000 473 πύργοι
1016 413 1051 456 τε
1076 393 1166 456 ἔστιν

187 486 240 558 ὀλ
273 489 329 556 καὶ
360 488 591 575 μεταπύργια,
628 485 732 566 αύτδς
762 486 825 574 μὲν
856 487 979 576 παρῄει
1009 487 1165 570 διδ,τῶν

205 590 373 670 ἐπάλξεων
385 586 434 670 ύς
453 590 508 658 ἐπὶ
526 589 566 656 τοὶ
581 595 749 676 βασίλεια,
764 585 814 656 ὅτι
827 589 936 678 ’ταύτρ
949 587 1165 680 εὐπορωτέρα

205 694 361 778 ἐφαίνετο
380 693 413 770 ές
431 690 493 776 τὴν
511 689 610 758 πόλιν
628 688 648 776 ἡ
668 689 825 769 καθόδος.
1189 723 1203 764 ⁵

152 801 196 868 24
283 796 330 862 Οί
351 790 390 860 δὲ
409 793 463 860 ἐπὶ
482 795 550 858 τῶν
574 793 683 878 νεών,
709 795 796 860 οἵτε
817 798 970 870 Φοίνικες
993 791 1077 860 κατύ
1104 791 1165 862 τδν

204 894 321 980 λιμένα
346 891 408 962 τδν
426 892 510 981 πρὸς
529 893 732 979 Αἰγύπτου,
756 891 835 961 καθ’
862 889 969 982 ὅνπερ
984 895 1040 962 καὶ
1061 896 1165 980 ε’φορ-
1226 915 1230 924 ·

136 1041 140 1050 ‹
204 997 347 1081 μοῦντες
386 993 591 1081 ἐτύγχανον,
626 993 823 1081 βιασάμενοι
856 995 914 1062 καλ
951 993 992 1062 τύ
1024 1002 1165 1083 κλεῖθρα
1260 1029 1264 1036 ·

166 1109 168 1112 ’
203 1095 448 1176 διασπάσαντες
468 1101 609 1164 ἔκοπτον
634 1095 696 1174 τοὶς
713 1098 800 1174 ναῦς
819 1098 856 1164 ἐν
874 1098 920 1186 τῷ
940 1086 1065 1182 λιμένι,
1089 1111 1163 1174 ταῖς

204 1195 266 1282 μὲν
299 1195 473 1284 μετεύροις
507 1197 748 1283 ἐμβάλλοντες,
778 1195 838 1274 τὰς
868 1195 906 1264 δέ
939 1199 972 1276 ἐς
1004 1197 1066 1284 τὴν
1098 1198 1163 1282 γῆν
1178 1229 1204 1268 ιο

206 1297 432 1383 ἐξωθοῦντες,
455 1299 513 1366 καὶ
532 1303 568 1365 οί
583 1297 730 1384 Κύπριοι
747 1297 832 1364 κατὰ
848 1296 908 1366 τὸν
926 1295 1029 1366 ἄλλον
1047 1299 1164 1385 λιμένα

204 1398 265 1466 τδν
285 1401 321 1468 ἐκ
339 1403 495 1478 Σιδῶνος
513 1399 682 1487 φέροντα,
706 1396 789 1466 ούδδ
806 1405 966 1486 κλεῖθρον
984 1398 1108 1472 τοῦτόν
1125 1426 1165 1485 γε
1186 1461 1192 1474 ,

206 1506 338 1587 έχοντα,
356 1499 614 1578 εἰσπλεύσαντες
628 1495 720 1568 εἷλον
734 1497 841 1578 εύθύς
854 1500 961 1592 ταύτῃ
980 1501 1040 1586 τὴν
1054 1499 1162 1570 πόλιν.

170 1600 243 1668 ντδ
263 1599 301 1668 δὲ
321 1604 450 1687 πλῆθος
474 1602 542 1668 τῶν
567 1607 702 1688 Τυρίων
719 1600 759 1667 τδ
776 1599 843 1686 μὲν
863 1616 989 1689 τεῖχος,
1015 1600 1061 1681 ύς
1086 1602 1158 1688 ἐχύ-

103 1767 106 1774 ,
204 1727 307 1787 μενον
325 1699 436 1790 εἶδον,
456 1704 676 1771 ἐκλείπουσιν.
709 1700 950 1791 ἁθροισθέντες
968 1702 1006 1772 δὲ
1024 1703 1107 1771 κατὰ
1124 1703 1162 1771 τδ
1178 1733 1203 1774 15

200 1801 398 1890 Ἀγηνόριον
421 1802 631 1890 καλούμενον
651 1805 858 1892 ἐπέστρεψαν
876 1803 982 1891 ταύτῃ
1010 1806 1065 1872 ἐπὶ
1082 1803 1163 1884 τούς

204 1903 419 1984 Μακεδόνας.
454 1905 512 1973 καὶ
532 1902 750 1992 Ἀλέξανδρος
769 1905 830 1984 ξύν
848 1921 919 1984 τοῖς
937 1903 1164 1986 ὑπασπισταῖς

206 2007 260 2074 ἐπὶ
283 2005 428 2084 τούτους
452 2005 605 2093 χωρήσας
629 2005 708 2084 τούς
732 2003 795 2093 μὲν
819 2004 925 2076 αύτού
952 2007 1164 2094 μαχομένους

170 2123 187 2172 ο
205 2106 397 2194 διέφθειρεν
420 2104 546 2194 αὐτῶν,
563 2121 634 2186 τοῖς
653 2105 691 2174 δὲ
709 2105 896 2192 φεύγουσιν
915 2109 1078 2192 ἐφείπετο.
1105 2110 1163 2176 καὶ

205 2207 311 2291 φύνος
329 2198 371 2296 ἦν
389 2207 516 2292 πολύς,
539 2211 608 2276 τοῖν
626 2234 661 2276 τε
685 2205 752 2276 ύπό
776 2211 837 2275 τοῦ
857 2206 989 2294 λιμένος
1016 2209 1163 2294 ἐχόντων
1176 2239 1203 2280 νο

203 2306 268 2396 ἤδη
282 2310 341 2395 τὴν
355 2307 454 2377 πόλιν
468 2310 525 2376 καὶ
538 2315 595 2396 τῆς
605 2317 736 2380 Κοίνου
750 2309 872 2390 τύξεως
887 2317 1164 2398 παρεληλυθυίας

205 2417 254 2490 είς
268 2409 383 2497 αύτήυ.
410 2407 495 2496 ὀργῇ
511 2409 576 2496 γὰρ
591 2411 741 2496 έχύρουν
757 2411 812 2479 ἐπὶ
827 2413 895 2478 πᾶν
909 2411 1163 2499 οίΜακεδόνες,

204 2515 262 2598 τῆς
276 2537 311 2580 τε
329 2515 577 2607 πολιορκίαςτῇ
593 2515 688 2600 τριβῇ
704 2510 887 2597 ἀχθόμενοι
900 2513 957 2580 καὶ
972 2508 1023 2580 ὅτι
1037 2512 1163 2600 λαβόν-

205 2638 258 2691 τες
284 2612 379 2690 τινδς
404 2609 520 2680 αύτῶν
551 2617 587 2679 οί
615 2613 730 2701 Τύριοι
752 2612 917 2693 πλέοντας
948 2615 984 2684 ἐκ
1010 2617 1164 2692 Σιδῶνος

206 2714 263 2782 ἐπὶ
281 2713 318 2782 τδ
337 2727 445 2798 τεῖχος
459 2711 736 2801 ἀναβιβάσαντες,
754 2711 846 2794 ὅπως
859 2713 1012 2784 ύποπτον
1030 2725 1081 2802 εἴη
1095 2714 1165 2782 ἆπδ
1177 2745 1203 2786 το

205 2818 266 2884 τοῦ
286 2813 538 2904 στρατοπέδου,
561 2814 747 2910 σφάξαντες
773 2821 914 2904 ἔρριψαν
938 2823 986 2896 είς
1009 2815 1071 2902 τὴν
1093 2816 1164 2884 θύ-

171 2931 187 2980 4
205 2925 343 2986 λασσαν.
371 2915 548 2985 ἀπέθανον
562 2915 600 2983 δὲ
613 2919 681 2983 τῶν
694 2915 757 3002 μὲν
777 2924 912 3004 Τυρίων
928 2919 961 2995 ές
975 2914 1164 3004 ὀκτακισχι-

205 3025 316 3096 λίους·
349 3022 419 3086 τῶν
443 3015 655 3087 Μακεδόνων
686 3015 724 3085 δὲ
755 3018 792 3085 έν
818 3023 859 3106 τῇ
891 3017 966 3086 τότε
989 3021 1163 3107 προσβολῇ

201 3117 364 3206 Ἄδμητός
381 3145 428 3206 τε,
447 3117 466 3186 ὁ
485 3120 616 3204 πρῶτος
635 3117 721 3186 ἔλων
739 3117 778 3186 τὸ
795 3134 916 3206 τεῖχος,
934 3117 1020 3208 ἀνὴρ
1034 3117 1162 3205 ἀγαθὸς

204 3219 402 3307 γενόμενος,
425 3220 482 3288 καλ
507 3216 569 3300 ξύν
593 3216 700 3310 αύτῷ·
713 3229 817 3288 εἴκοσι
839 3224 908 3290 τῶν
925 3220 1162 3290 ύπασπιστῶυ·
1177 3250 1202 3291 οο

206 3324 243 3390 έν
268 3319 306 3388 δὲ
322 3323 364 3408 τῇ
384 3321 476 3411 πύσγγ
500 3328 676 3412 πολιορκίᾳ
694 3321 836 3408 μα’λιστα
862 3327 895 3402 ές
916 3331 1162 3411 τετρακοσίους.

172 3437 187 3485 ο
286 3430 364 3501 Ἰοῖς
382 3421 421 3492 δὲ
436 3426 469 3503 ές
486 3421 525 3492 τὸ
544 3423 636 3512 ίερόν
649 3427 710 3492 τού
726 3423 929 3513 Ἡρακλέους
941 3428 1163 3511 καταφυγού-
1277 3485 1280 3494 ,
