2546 3920
201 145 265 214 326
554 141 807 205 mmmmm

202 303 453 394 άτιλισμένους,
472 302 567 390 Ιτοδς
594 303 633 373 δέ
647 305 795 394 ,Πέρσας
820 303 903 386 τοδς
931 305 995 394 μὲν
1020 307 1183 396 τοξότας,

201 408 282 487 τοδς
307 405 346 476 δέ
371 405 430 476 καὶ
455 404 649 494 μεσάγκυλα
676 411 824 492 ἔχοντας.
978 492 980 496 .

169 523 185 572 σ
274 504 330 580 Ἐν
355 506 466 597 τούτῳ
492 505 531 576 δέ
557 505 715 587 πολλάκις
741 505 804 594 μδν
821 509 882 578 τοῦ
905 511 1070 590 ναυτικοῦ
1089 507 1180 596 άμε-

202 615 352 700 πειράτο,
377 609 500 678 πολλαὶ
526 606 565 676 δὲ
591 611 698 696 ἔριδες
724 605 818 699 αὐτῷ
844 610 914 678 τάν
939 611 1087 698 τριηρῶν
1112 611 1180 678 καὶ

201 708 276 780 ὅσαι
308 708 478 799 τετρήρεις
511 707 595 778 κατά
620 707 681 778 τὸν
708 707 860 796 ποταμδν
888 712 1077 797 ἐγίγνοντο,
1111 711 1215 781 καλε

201 811 330 898 άγῶνες
361 815 431 880 τῶν
465 835 502 880 τε
531 811 654 897 ἐρετῶν
687 809 839 878 καὶτῶν
864 815 1087 900 κυβερνητῶν
1111 813 1176 880 καὶ

202 915 362 1001 στέφανοι
387 915 458 981 τῶν
483 909 670 980 νικάντων.

168 1018 184 1068 ⁶
271 1007 377 1084 Ἧκον
394 1011 431 1082 δέ
449 1013 507 1080 καὶ
525 1010 799 1101 παρά”Αμμωνος
816 1016 853 1081 οί
866 1012 992 1101 θεωροὶ
1010 1009 1175 1093 οὕστινας

203 1112 353 1184 ἐστάλκει
369 1113 593 1203 ἐρησομένους
604 1109 697 1192 δ’πως
709 1113 807 1200 θέμις
821 1110 914 1205 αὐτῷ
931 1118 1032 1200 τιμάν
1047 1112 1175 1200 Ἡφαι-

202 1222 342 1284 στίωνα·
382 1219 419 1284 οί
442 1213 481 1283 δέ
508 1210 553 1294 ὥς
579 1211 667 1300 ἥρωι
692 1218 822 1302 ἐφησαν
848 1212 899 1282 ὅτι
915 1213 1016 1282 θύειν
1034 1215 1134 1302 θέμις
1154 1211 1209 1285 διο

191 1313 333 1403 Ἀμμων
359 1316 457 1401 λέγει.
503 1311 521 1382 ὁ
550 1313 589 1382 δέ
617 1315 730 1402 ἔχαιρέ
752 1339 788 1383 τε
813 1319 858 1404 τῇ
882 1321 1026 1404 μαντείᾳ
1051 1317 1111 1384 καὶ
1130 1313 1172 1388 τδ

202 1413 269 1486 άτδ
287 1419 388 1486 τοῦδε
412 1413 457 1496 οδς
475 1412 567 1502 ἥρωα
587 1417 744 1505 ἐγέραιρε.
771 1416 829 1484 καὶ
846 1415 1039 1513 Κλεομένει,
1066 1415 1172 1504 άνδρέ

202 1519 294 1607 κακῷ
313 1516 495 1584 καὶπολλὰ
514 1514 702 1603 ἀδικήματα
720 1507 914 1604 ἀδικήσαντι
933 1517 970 1584 ἐν
989 1515 1171 1608 Αἰγύπτῳ,

203 1616 385 1687 ἐπιστέλλει
402 1615 593 1702 ἐπιστολήν·
620 1617 677 1686 καὶ
693 1615 821 1704 ταύτην
838 1619 896 1703 τῆς
913 1614 978 1704 μὲν
997 1619 1031 1697 ἐς
1045 1614 1166 1705 Ἡφαι-

203 1725 329 1788 στίωνα
354 1718 411 1786 καὶ
443 1715 663 1787 ἀποθανόντα
689 1723 804 1804 φιλίας
829 1719 928 1804 ἕνεκα
953 1719 1011 1786 καὶ
1037 1716 1204 1806 μνήμηςιτ

203 1815 244 1888 οὕ
270 1819 442 1918 μέμφομαι
465 1823 585 1904 ἐγωγε“
618 1815 732 1886 ἄλλων
756 1816 795 1886 δέ
811 1819 948 1906 πολλῶν
967 1820 1065 1887 ἕνεκα
1082 1820 1170 1906 μέμ·
1249 1837 1250 1927 ρ

170 1933 317 2008 Ὶφομαι.
361 1913 529 1988 ἐκέλευε
553 1915 658 2005 γάρὴ
679 1916 834 2004 ἐπιστολὴ
853 1924 1170 2006 κατασκευασθῆναι

199 2020 416 2108 Ἡφαιστίωνί
432 2018 545 2111 ἡρῷον
564 2022 601 2088 ἐν
610 2017 843 2110 Ἀλεξανδρεία
860 2024 904 2108 τῇ
922 2025 1113 2110 Αἰγυπτίᾳ,
1131 2025 1170 2088 ἔν
1248 2041 1249 2119 γ

202 2147 238 2190 τε
263 2124 304 2209 τῇ
332 2119 427 2189 πόλει
454 2119 541 2207 αὐτῇ
560 2119 617 2188 καὶ
644 2121 681 2188 έν
698 2123 739 2208 τῇ
757 2119 851 2212 νήσῳ
868 2123 913 2209 τῇ
931 2119 1047 2213 Φάρῳ,
1074 2118 1168 2190 ἴναδ

203 2222 334 2310 πύργος
362 2222 454 2290 ἐστὶν
480 2219 499 2289 ὁ
528 2223 565 2289 ἐν
590 2221 633 2308 τῇ
659 2220 925 2319 νὴσμ,,μτγέθει
949 2246 985 2290 τε
1010 2219 1200 2309 μὲγιστονει
1244 2179 1248 2314 δ

202 2323 261 2392 καὶ
288 2328 486 2412 πολυτελείᾳ
514 2320 798 2406 ἐκπρεπέστατον·
838 2322 896 2390 καὶ
915 2319 1008 2400 ὅπως
1028 2324 1167 2410 ἐπικρα-

202 2423 287 2511 τήσῃ
314 2428 491 2491 καλεῖσθαι
520 2420 587 2490 άπδ
611 2421 871 2508 Ἡφαιστίωνος,
898 2423 955 2490 καλ
982 2437 1054 2500 τοῖς
1080 2442 1167 2509 συμ-

202 2527 352 2612 βολαίοις
364 2518 447 2592 καθ’
467 2519 529 2590 ὅσα
547 2526 583 2590 oc
595 2527 734 2610 ἔμποροι
750 2520 905 2607 άλλήλοις
918 2522 1168 2610 ξυμβάλλουσιν

169 2636 186 2686 8
206 2623 436 2711 ἐγγράφεσθαι
453 2619 491 2690 τδ
510 2617 617 2708 ὄνομα
626 2615 881 2709 Ἡφαιστίωνος.
907 2622 1091 2709 ταῦταμὲν
1105 2615 1169 2692 οὖν

204 2724 268 2794 οὐκ
300 2730 364 2812 ἔχω
390 2720 598 2812 μέμψασθαι,
624 2722 713 2809 πλήν
739 2749 778 2809 γε
804 2723 847 2809 δὴ
873 2721 926 2792 ὅτι
949 2719 1015 2792 οὐκ
1034 2725 1089 2793 ἐπί
1106 2751 1200 2811 με-οε
1242 2756 1243 2810 f

191 2825 316 2912 Ιγάλοις
340 2824 493 2913 μεγάλως
512 2822 775 2905 διεσπουδάζετο.
817 2826 929 2894 ἐκεῖνα
947 2823 985 2894 δέ
1002 2825 1059 2892 καί
1076 2825 1168 2892 πάνυ

203 2927 383 3015 μέμφομαι.
426 2922 471 3012 ἢν
488 2923 553 3012 γάρ
571 2923 750 3011 καταλάβω
769 2923 848 3010 έγιά,
876 2930 969 3011 έλεγε
993 2923 1035 2992 τά
1059 2924 1167 3014 γράμ-

203 3053 308 3115 ματα,
335 3025 376 3094 τά
405 3025 476 3113 ἱερά
502 3026 543 3093 τά
572 3027 609 3094 έν
637 3024 802 3115 Αἰγύπτῳ
829 3029 940 3106 καλῶς
967 3044 1167 3094 κατεσκενα·

204 3127 311 3215 σμένα
324 3128 381 3218 μαλ
395 3124 437 3193 τά
450 3124 545 3215 ἡρῷα
554 3125 594 3194 τά
602 3123 857 3212 Ἡφαιστίωνος,
872 3135 907 3195 τί
916 3151 951 3196 τε
962 3151 994 3194 τι
1008 3124 1167 3214 πρότερον
1189 3192 1193 3201 ,

203 3224 408 3314 ἡμάρτηκας,
433 3219 553 3311 άφήσω
579 3244 616 3294 σε
632 3225 779 3313 τούτων,
796 3227 853 3294 καὶ
870 3226 908 3294 τδ
926 3226 1057 3314 λοιτόν,
1082 3224 1165 3312 ὁπη-
1178 3253 1198 3293 τι
1242 3193 1243 3278 δ

205 3333 301 3393 λίκον
319 3321 363 3391 άν
380 3320 541 3413 άμάρτης,
560 3324 663 3393 οὐδὲν
674 3332 774 3415 πείσῃ
795 3328 828 3408 ἐξ
844 3329 926 3413 ἐμοῦ
941 3324 1046 3415 ἄχαρι.
1072 3331 1166 3395 τοῦτο

206 3418 307 3509 άνδρδ
322 3419 455 3510 άρχοντι
468 3426 594 3510 πολλῆς
608 3423 670 3510 μέν
683 3426 808 3516 χώρας,
828 3431 964 3496 πολλῶν
979 3427 1017 3496 δέ
1031 3425 1164 3516 άνθροά-
