2632 3922
243 150 310 216 242
530 221 534 228 .
598 145 852 210 εεεεεκοεου

246 309 366 376 ἐλπίδα
385 308 422 376 έν
440 311 575 396 σπουδῇ
594 314 698 378 ἔσται·
732 303 794 388 οδς
810 307 869 377 καὶ
885 304 991 396 ταύτη
1010 312 1057 378 ἔτι
1075 317 1222 397 προθυ-

244 407 388 496 μότερον
404 405 651 494 ἀκολουθήσειν
668 426 721 476 σοι
737 405 839 494 εἰκός,
857 407 1008 496 ὁρῶντας
1024 407 1106 488 τούς
1126 408 1220 498 πρό-

244 535 343 596 τερον
369 506 649 596 ξυμπονήσαντάς
673 508 782 578 τεκαὶ
805 506 1160 593 ξυγκινδυνεύσαντας
1179 511 1219 588 ἐς

245 609 286 678 τά
305 609 448 696 σφέτερα
464 607 534 696 ἤθη
553 603 858 696 ἐπανεληλυθότας,
876 613 1062 688 πλουσίους
1079 634 1116 678 τε
1133 603 1217 678 ἀντὶ

118 793 122 800 .
211 732 229 780 ο
246 708 400 796 πενήτων
413 709 469 778 καί
482 706 559 778 ἀντί
571 709 714 798 ἀφανῶν
726 711 796 778 τῶν
805 707 907 778 πάλαι
919 705 1077 788 εάκλεελς.
1102 707 1244 780 καλόνε

245 809 296 895 δέ,
324 801 351 876 ῶ
375 813 535 896 βασιλεῦ,
569 819 663 898 είπερ
688 835 720 878 τι
745 808 802 876 καλ
827 807 928 894 ἀλλο,
954 806 1057 896 καὶὴ
1092 810 1131 877 έν
1163 812 1216 901 τῷ

246 906 401 995 εὐτυχεῖν
428 909 641 998 σωφροσύνη.
685 909 740 980 σοὶ
756 908 820 997 μέν
836 907 903 995 γάρ
921 903 1014 999 αύτῷ
1031 905 1217 1002 ἡγουμένῳ

246 1010 302 1078 καί
320 1007 480 1097 στρατιάν
499 1009 659 1096 τοιαύτην
677 1009 794 1096 ἄγοντι
811 1011 848 1078 ἐκ
864 1008 929 1096 μὲν
946 1016 1117 1096 πολεμίων
1135 1011 1217 1090 δέος

245 1107 364 1178 ούδέν·
391 1108 432 1178 τά
448 1109 487 1178 δέ
505 1111 541 1178 ἐκ
558 1115 619 1180 τοῦ
634 1113 808 1198 δαιμονίου
823 1108 971 1197 ἀδόκητά
983 1135 1019 1179 τε
1031 1110 1090 1178 καί
1102 1109 1214 1199 ταύτῃ

246 1210 304 1280 καλ
329 1207 507 1296 ἀφύλακτα
531 1225 602 1290 τοῖς
629 1205 823 1298 ἀνθρώποις
850 1212 928 1280 ἐστί.
1228 1237 1254 1276 ιο

192 1321 236 1388 28
327 1316 473 1381 Τοιαῦτα
492 1309 646 1391 είπόντος
667 1312 728 1381 τού
742 1316 870 1382 Κοίνου
883 1308 1037 1401 θόρυβον
1051 1313 1216 1398 γενέσθαι

246 1413 284 1480 ἐκ
302 1414 372 1480 τῶν
396 1409 575 1500 παρόντων
602 1405 658 1482 ἐπὶ
682 1425 753 1491 τοῖς
779 1409 907 1496 λόγοις·
946 1419 1084 1490 πολλοῖς
1101 1411 1141 1481 δὲ
1167 1411 1214 1500 δη

245 1513 302 1580 καί
328 1509 459 1601 δάκρυα
484 1513 699 1601 προχυθέντα
725 1517 772 1582 ἐτι
796 1517 927 1598 μᾶλλον
952 1516 1103 1598 δηλῶσαι
1118 1511 1159 1580 τό
1175 1539 1214 1582 τε

244 1605 407 1680 ἀκούσιον
431 1615 492 1698 τῆς
517 1611 653 1700 γνιόμης
672 1614 706 1692 ἐς
722 1611 803 1692 τούς
819 1610 936 1700 πρόσω
952 1611 1136 1692 κινδύνους
1153 1613 1213 1682 καί

194 1705 198 1710 ’
244 1710 283 1780 τό
297 1708 378 1780 καθ’
397 1709 526 1799 ἡδονήν
543 1731 657 1800 σφισιν
674 1709 840 1799 εἶναιτὴν
858 1711 1082 1800 ἀναχώρησιν.
1113 1711 1211 1784 Ἀλέ-
1226 1739 1251 1780 ιε

245 1813 388 1901 ξαυδρος
414 1811 452 1882 δέ
477 1812 553 1882 τότε
578 1812 642 1900 μὲν
666 1811 848 1900 ἀχθεσθεὶς
873 1817 935 1882 τοῦ
960 1838 995 1882 τε
1021 1818 1151 1884 Κοίνου
1169 1820 1212 1904 τῇ

246 1919 416 2004 παρρησίη
430 1913 548 2006 καὶτῷ
563 1912 653 2007 όκνρτ
672 1918 741 1982 τῶν
755 1910 868 1982 ἀλλων
880 1906 1058 2000 ἡγεμόνων
1074 1914 1213 1984 διέλυσε
1297 1919 1299 2014 J

212 2013 307 2082 κτὸν
333 2013 513 2099 ξύλλογον·
567 2017 601 2094 ἐς
635 2013 674 2083 δὲ
704 2013 768 2100 τὴν
793 2010 977 2102 ὑστεραίαν
1003 2015 1212 2100 ξυγκαλέσας
1297 2023 1298 2054 ³

246 2106 347 2194 αὖθις
373 2112 437 2193 ξύν
463 2111 548 2202 ἀργῇ
574 2111 656 2194 τούς
681 2111 806 2194 αύτούς
832 2109 937 2194 αὐτὸς
962 2113 1024 2201 μὲν
1044 2115 1129 2184 ίέναι
1145 2121 1212 2202 ἔφη

239 2217 306 2283 ποῦ
325 2213 453 2304 πρόσςο,
470 2212 646 2299 βιάσεσθαι
664 2213 702 2284 δὲ
719 2211 845 2283 ούδένα
858 2212 984 2284 ἀκοντα
998 2214 1212 2286 Μακεδόνων
1225 2247 1252 2287 so

246 2315 465 2396 ξυνέπεσθαι·
510 2315 595 2395 ἕξειν
626 2312 692 2402 γάρ
724 2313 807 2394 τούς
839 2311 1136 2402 ἀκολουθήσοντας
1162 2322 1211 2407 τῷ

246 2422 384 2502 βασιλεῖΥ
404 2417 503 2503 σφῶν
529 2414 680 2494 ἑκόντας·
712 2429 783 2494 τοϊς
810 2413 927 2484 δὲκαὶ
945 2412 1078 2484 ἀπιέναι
1094 2421 1211 2486 οίκαδε
1295 2413 1296 2423 ’

249 2515 427 2585 ἐθέλουσιν
458 2508 624 2602 ύπάρχειν
656 2512 790 2584 ἀπιέναι
820 2515 878 2586 καί
904 2517 1115 2602 ἐξαγγέλλειν
1139 2531 1212 2597 τοῖς

247 2622 382 2695 οἰκείοις
408 2612 537 2684 ὅτιτῶν
561 2617 700 2702 βασιλέα
719 2618 816 2703 σφῶν
835 2618 872 2684 ἐν
889 2616 1001 2702 μέσοις
1019 2630 1091 2696 τοίς
1108 2625 1210 2688 πολε-

211 2741 229 2790 3
245 2723 333 2806 μίοις
348 2715 573 2804 ἐπανήκουσιν
586 2713 818 2798 ἀπολιπόντες.
845 2714 939 2784 ταῦτ’
955 2714 1209 2788 είπόνταάπελ-
1222 2747 1247 2788 ιι

245 2829 324 2888 θείν
351 2819 385 2899 ἐς
410 2817 473 2906 τὴν
499 2816 639 2906 σκηνήν,
664 2818 753 2905 μηδέ
766 2842 840 2886 τινα
857 2821 927 2884 τῶν
942 2817 1085 2906 ἑταίρων
1102 2839 1210 2908 προσ·

248 2919 345 2988 ε’σθαι
377 2915 482 3006 αὐτῆς
513 2944 549 2988 τε
582 2919 712 3005 ἐκείνης
743 2922 803 3004 τῆς
834 2914 960 3006 ἡμέρας
992 2918 1050 2988 καί
1084 2920 1117 3000 ές
1148 2919 1211 3007 τήν

175 3087 178 3094 .
245 3025 364 3109 τρίτην
381 3025 428 3088 ἐτι
445 3016 504 3088 ἀπ’
525 3021 666 3104 ἐκείνης,
692 3017 907 3106 ύπομένοντα
930 3025 963 3088 εί
980 3017 1026 3105 δή
1039 3044 1088 3099 τις
1104 3019 1211 3106 τροπὴ

246 3136 320 3200 ταῖς
352 3118 503 3206 γνῶμαις
532 3121 602 3188 τῶν
628 3117 841 3189 Μακεδόνων
871 3119 990 3188 τεκαὶ
1016 3121 1210 3210 ξυμμάχων,
1288 3097 1291 3221 1

245 3215 302 3289 οἷα
327 3218 371 3306 δη
398 3221 435 3287 ἐν
460 3217 550 3311 όχλρι
583 3224 794 3309 στρατιωτῶν
824 3218 866 3288 τά
900 3217 1007 3288 πολλά
1039 3229 1133 3308 φιλεῖ
1155 3227 1209 3308 γί-
1222 3249 1247 3291 ιο
1288 3223 1290 3234 ’

245 3329 399 3406 γνεσθαι,
420 3321 610 3406 ἐμπεσοῦσα
629 3315 907 3409 εὐπειθεστέρους
925 3320 1059 3408 παρέξει
1076 3320 1207 3402 αὐτούς.

210 3417 293 3500 Δῶς
310 3419 349 3488 δέ
376 3419 451 3507 σιγὴ
477 3407 524 3490 αύ
550 3419 655 3508 πολλὴ
681 3413 726 3508 ἦν
751 3418 816 3490 ἀνά
835 3420 873 3490 τό
900 3420 1129 3510 στρατόπεδον
1154 3425 1208 3492 καὶ
1288 3463 1289 3539 η
