2632 3922
437 136 622 189 εειευιειε
639 139 669 200 ι,
689 138 730 190 ιο.
750 140 790 192 ιο.
915 121 918 130 ’
1033 138 1094 202 227

126 313 212 380 ρασε
241 291 303 361 τδν
326 291 493 380 ’ῖδάσπην
525 293 677 382 ποταμόν
709 294 821 376 πόλεις
850 299 976 365 ἔκτισεν
999 291 1096 366 Ἀλέ-

126 395 282 478 ξανδρος.
322 394 380 462 καὶ
405 393 468 480 τήν
493 393 557 481 μὲν
574 405 723 466 Νίκαιαν
749 399 808 484 τῆς
826 404 923 485 νίκης
941 403 1001 483 τῆς
1018 395 1093 466 κατ’

121 493 245 562 Ἰνδῶν
264 493 446 581 ἐπώνυμον
471 493 642 582 άνόμασε·
675 497 739 581 τήν
766 497 805 565 δὲ
831 499 1034 584 Βουκέφαλα
1062 501 1095 578 ἐς

125 599 192 662 τοῦ
219 599 327 664 ἵππου
353 584 416 664 τοά
442 593 647 684 Βουκεφάλα
673 596 736 683 τήν
762 597 919 686 μνήμην,
945 595 983 678 ὃς
1010 597 1095 668 ἀπέ-

96 703 237 763 5.θανεν
264 694 384 782 αὐτοῦ,
411 695 452 764 οά
479 699 619 784 βληθείς
638 697 723 786 πρὸς
742 696 896 785 οὐδενός,
924 696 1002 767 ἀλλ’
1022 698 1094 768 ἀπό

126 795 281 882 καμάτου
298 798 408 865 τεκαὶ
425 793 566 884 ἡλικίας.
606 789 650 884 ἦν
667 798 733 888 γάρ
752 797 841 887 ἀμφὶ
859 798 900 866 τά
919 801 1096 886 τριάκοντα
1113 812 1129 862 5

129 903 198 984 ἔτη,
226 896 416 985 καματηρός
434 899 629 986 γενόμενος,
656 898 764 968 πολλοὶ
784 899 823 968 δὲ
841 901 995 986 πρόσθεν
1012 901 1096 987 ξυγ-

126 995 246 1084 καμάν
278 1025 315 1066 τε
346 1000 404 1066 καὶ
432 999 725 1085 συγκινδυνεύσας
749 998 976 1092 Ἀλεξάνδρῳ,
1009 999 1096 1070 ἀνα·

127 1097 330 1184 βαινόμενός
362 1125 398 1167 τε
424 1099 509 1187 πρρς
535 1101 644 1188 μόνον
669 1091 890 1188 Ἀλεξάνδρου
919 1101 938 1170 ὁ
964 1111 1095 1172 Βουκε-

86 1199 242 1285 τοφάλας
276 1191 393 1286 οὗτος,
434 1198 485 1268 ὅτι
516 1201 596 1280 τούς
627 1199 754 1281 ἀλλους
785 1202 914 1282 πάντας
950 1201 1095 1290 ἀπηξίου

128 1297 293 1386 ἀμβάτας,
309 1298 373 1368 ’καὶ
391 1303 527 1387 μεγέθει
542 1303 647 1388 μίγας
665 1303 722 1370 καὶ
739 1307 907 1395 τῷ-θνμῷ
926 1319 1094 1389 γενναῖος.

128 1414 268 1487 σημεῖον
294 1402 335 1468 δέ
359 1406 396 1470 οἵ
418 1393 461 1488 ἦν
477 1400 557 1490 βοός
575 1402 706 1490 κεφαλή
726 1405 1008 1491 ἐγκεχαραγμένη,
1036 1405 1053 1474 ί
1083 1402 1093 1428 ’

130 1499 212 1570 ὅτου
244 1501 300 1568 καὶ
327 1500 365 1568 τδ
393 1500 500 1588 ὄνομα
527 1507 627 1572 τοῦτο
646 1505 803 1589 λέγουσιν
822 1501 872 1573 ὅτι
890 1511 1026 1592 ἔφερεν·
1062 1509 1100 1573 οἵ

129 1601 168 1670 δὲ
193 1603 352 1693 λέγουσιν
378 1600 577 1672 ὅτιλευκὸν
603 1607 694 1692 σήμα
720 1603 809 1691 εἶχεν
838 1607 893 1674 ἐπὶ
910 1609 969 1693 τῆς
986 1632 1095 1693 κεφα-

89 1723 115 1764 1⁵
129 1706 207 1790 λῆς,
240 1704 341 1789 μέλας
369 1699 417 1772 ὢν
449 1702 569 1791 αὐτός,
604 1709 638 1785 ἐς
669 1705 750 1792 βοὸς
776 1707 926 1793 κεφαλήν
953 1705 1096 1794 μάλιστα
1148 1765 1151 1769 .

130 1806 338 1890 εἰκασμένον.
392 1794 489 1884 οὗτος
523 1802 540 1873 ὁ
574 1810 677 1886 ἵππος
705 1809 740 1875 ἐν
767 1812 809 1894 τή
838 1804 975 1887 Οὐξίων
1000 1808 1129 1897 χάρμῢ

129 1903 262 1992 ἀφανὴς
287 1905 418 1990 ἐγένετο
439 1903 660 1996 Ἀλεξάνδρῳ,
687 1908 744 1975 καὶ
765 1903 983 1996 Ἀλέξανδρος
1009 1934 1093 1996 προ-

130 2006 292 2093 εκήρυξεν
306 2004 372 2073 ἀνά
386 2005 449 2093 τήν
457 2006 573 2093 χάραν
583 2008 711 2086 πάντας
721 2007 920 2077 ἀποκτενεῖν
934 2004 1095 2094 Οὐξίους,

131 2112 163 2175 εί
192 2107 237 2193 μή
270 2105 457 2187 ἀπάξουσιν
490 2106 584 2198 αὐτῷ
617 2106 679 2176 τόν
706 2111 829 2176 ἵππον·
873 2111 931 2177 καὶ
957 2109 1093 2200 ἀπήχθη

91 2229 117 2270 ιο
130 2206 240 2286 εάθδς
267 2209 322 2276 ἐπὶ
347 2213 396 2297 τῷ
413 2207 611 2296 κηρύγματι.
637 2208 757 2295 τοσήδε
773 2208 835 2298 μὲν
853 2208 983 2294 σπονδή
1000 2207 1093 2280 Ἀλε-

130 2309 265 2400 ξάνδρμ
298 2306 385 2394 ἀμφ’
420 2307 527 2377 αὐτὸν
559 2301 614 2396 ἦν,
641 2310 783 2379 τοσόσδε
809 2308 848 2378 δὲ
869 2309 1094 2398 Ἀλεξάνδρου

130 2408 236 2497 φόβος
262 2425 333 2488 τοῖς
351 2409 543 2500 βαρβάροις.Ι
592 2412 650 2478 καὶ
678 2411 752 2497 ἐμοὶ
780 2413 813 2489 ἐς
839 2409 982 2478 τοσόνδε
1007 2436 1093 2479 τετι-

130 2511 248 2598 μήσθω
275 2509 293 2577 ὁ
321 2509 545 2597 Βουκεφάλας
571 2501 670 2590 οὗτος
694 2509 918 2599 Ἀλεξάνδρου
947 2513 1054 2580 ἕνεκα.

201 2609 413 2703 Ἀλεξάνδρςο
444 2611 482 2680 δδ
515 2611 629 2698 ἐπειδὴ
661 2617 697 2680 οἵ
727 2611 958 2692 ἀποθανόντες
987 2615 1024 2681 ἐν
1050 2611 1147 2701 τή20

93 2709 221 2799 ιεμάχη
247 2713 454 2801 κεκόσμηντο
479 2714 527 2802 τῷ
555 2713 716 2801 πρέποντι
743 2713 870 2803 κόσμῳ,
904 2713 922 2780 ὁ
959 2713 996 2782 δὲ
1022 2728 1094 2792 τοῖς

17 2838 21 2847 ’
130 2822 223 2891 θεοῖς
262 2811 303 2880 τά
344 2813 541 2901 νομιζόμενα
580 2817 724 2882 ἐπινίκια
761 2819 862 2899 ἔθυε,
893 2815 958 2880 ’καὶ
997 2809 1094 2900 ἀγών

131 2914 271 2982 ἐποιεῖτο
298 2912 391 3004 αὐτῷ
418 2912 582 3000 γυμνικός
607 2939 644 2982 τε
669 2915 726 2982 καὶ
755 2912 889 2992 ἱππικός
908 2911 1015 2982 αὐτοῦ
1037 2916 1094 2984 ἐπὶ

130 3016 170 3101 τή
204 3012 291 3104 ὄχθη
325 3017 385 3084 τοῦ
410 3014 579 3084 Ὑδάσπου
615 3018 737 3102 ἵναπερ
769 3015 808 3082 τδ
837 3018 970 3102 πρῶτον
998 3017 1094 3103 διέβη

131 3113 197 3202 ἀμα
224 3121 270 3206 τῷ
299 3119 441 3206 στρατῷ.
470 3115 645 3203 Κράτερον
671 3114 734 3203 μὲν
761 3117 802 3203 δή
829 3113 892 3196 ξύν
918 3117 1009 3205 μέρει
1034 3120 1129 3203 τήςε

95 3222 286 3303 ιοστρατιάς
318 3214 537 3304 ἀπελείπετο,
571 3216 631 3296 τάς
665 3215 777 3296 πόλεις
811 3215 950 3296 ἅστινας
982 3217 1091 3305 ταότη

132 3323 249 3400 ἔκτιζεν
276 3315 510 3403 ἀναστήσοντά
536 3317 645 3385 τεκαὶ
665 3319 905 3404 ἐκτειχιοῦντα·
932 3315 1036 3396 αὐτὸς
1054 3317 1094 3384 δὲ

130 3415 274 3506 ήῖαυνεν
301 3416 347 3499 εἵς
375 3419 431 3488 ἐπὶ
457 3415 539 3497 τούς
557 3415 778 3508 προσχώρους
795 3421 837 3507 τῇ
855 3412 984 3508 Πάρου
1002 3416 1092 3518 ἀρχή

837 3526 887 3580 15⁸
