2620 3924
448 140 634 195 mmm
651 143 680 205 ³,
698 143 740 200 28.
1018 142 1079 206 141

113 283 284 348 τοσούτων
299 282 439 366 ίππέων,
456 280 567 359 άλλως
587 305 624 348 τε
643 282 701 350 καί
720 287 791 348 τόν
806 285 996 367 κρατίστων
1016 289 1080 348 τού

114 383 237 461 παντὸς
271 385 412 450 ἱππικοῦ
444 384 530 450 κατά
563 406 600 448 τε
630 381 771 460 άξίωσιν
797 385 854 449 καὶ
881 381 945 468 τήν
972 382 1080 466 ἄλλην

114 482 235 569 άρετῆυ
265 485 475 569 ἐξηγεῖσθαι,
505 481 697 567 ἀφικνεῖται
726 483 761 560 ἐς
787 481 867 562 τούς
888 483 991 550 πάλαι
1016 485 1080 567 μὲν

109 581 289 668 ’Λριάσπας
310 586 553 669 καλουμένους,
576 583 721 670 ὕστερον
740 585 778 652 δέ
793 583 983 671 Εὐεργέτας
998 585 1079 651 ἐπο-

85 688 356 771 σνομασδέντας,
368 683 421 752 ότι
431 687 536 772 Κύρῳ
546 691 595 772 τῷ
607 686 795 770 Καμβύσου
810 685 1078 769 ξυνεπελάβοντο

111 793 173 871 τῆς
201 788 236 864 ἐς
259 773 580 864 Σκύθαςέλάσεως.
618 788 675 852 καὶ
702 787 845 867 τούτους
864 785 1115 870 Ἀλέξανδροςσ

113 877 164 952 τόν
198 911 236 954 τε
273 888 307 965 ἐς
343 891 463 971 Κύρου
499 883 656 971 ὑπῆρξαν
692 887 729 952 οί
767 887 931 972 πρόγονοι
966 885 1081 952 αὐτῶν

112 989 254 1074 τιμήσας
290 989 363 1054 καί
385 985 489 1065 αύτός
524 986 732 1073 καταμαθών
765 986 894 1071 ἄνδρας
928 984 1081 1066 ούκατά

113 1082 193 1166 τούς
220 1086 347 1166 άλλους
373 1088 453 1166 τούς
474 1089 580 1174 ταύτη
607 1089 802 1174 βαρβάρους
829 1088 1081 1172 πολιτεύοντας,

73 1214 101 1254 ιο
117 1185 202 1254 άλλά
236 1195 299 1255 τού
336 1191 472 1256 δικαίου
506 1195 564 1255 ίσα
595 1191 653 1254 καί
688 1200 760 1266 τοῖς
792 1193 982 1275 κρατίστοις
1012 1193 1082 1254 τῶν

108 1288 282 1375 Ἑλλήνων
313 1291 639 1376 μεταποιουμένους,
674 1289 879 1373 ἐλευθέρους
907 1313 944 1356 τε
971 1287 1082 1373 άφῆκε

116 1391 171 1456 καί
187 1392 310 1475 χάραν
330 1397 390 1476 τῆς
416 1389 545 1476 ὁμόρου
568 1389 653 1475 ὅσην
674 1387 771 1456 αύτολ
798 1393 918 1474 σφίσιν
939 1387 1083 1477 ῆτησαν,

118 1489 160 1557 ού
194 1486 325 1576 πολλὴν
358 1493 396 1558 δὲ
430 1487 506 1557 οὐδ’
541 1489 637 1556 αύτολ
669 1489 819 1579 ῆτησαν,
856 1492 1083 1576 προσέθηκεν.

119 1593 271 1682 ἐνταῦθα
292 1593 405 1669 θύσας
431 1597 478 1678 τῷ
503 1590 692 1658 Ἀπόλλωνι
712 1592 912 1678 Δημήτριον
938 1591 1001 1677 μὲν
1022 1591 1083 1658 ἕνα

76 1716 104 1758 ιε
117 1697 185 1759 τῶν
202 1694 515 1779 σωματοφυλάκων,
527 1691 743 1771 ὑποπτεύσας
758 1704 935 1778 μετασχεῖν
947 1692 1083 1778 Φιλάτηι

117 1799 176 1878 τῆς
202 1796 402 1880 ἐπιβουλῆς,
431 1795 609 1879 ξυνέλαβε
646 1793 920 1879 σωματοφύλακα
944 1793 983 1860 δὲ
1008 1791 1084 1859 άντλ
1140 1840 1143 1844 -

117 1899 316 1981 Δημητρίου
339 1895 491 1973 ἀπέδειξε
513 1899 730 1980 Πτολεμαίου
752 1887 812 1960 τόν
833 1895 961 1978 Λάγου.

207 2001 321 2062 Ταῦτα
336 1997 374 2061 δέ
389 1995 657 2080 διαπραξάμενος
673 1995 795 2082 προῄει
814 1992 860 2072 οἱς
875 1995 931 2060 ἐπί
945 1993 1082 2077 Βάκτρα
1091 2005 1134 2073 28

117 2121 155 2163 τε
177 2098 234 2162 καὶ
255 2102 405 2182 Βῆσσον,
428 2097 591 2182 Δράγγας
616 2120 654 2162 τε
675 2097 732 2164 καὶ
753 2093 960 2182 Γαδρωσούς
981 2097 1021 2162 ἐν
1041 2099 1083 2181 τῆ

78 2219 107 2261 ιο
120 2199 259 2285 παρόδῳ
277 2198 589 2283 παραστησάμενος.
618 2198 850 2282 παρεστήσατο
871 2198 910 2264 δὲ
929 2198 986 2263 καί
1005 2195 1085 2274 τούς
1205 2237 1211 2246 -

115 2293 324 2382 Ἀραχωτούς
356 2299 413 2364 καὶ
447 2287 623 2383 σατράπην
651 2300 854 2384 κατέστησεν
884 2297 938 2365 ἐπ’
971 2297 1086 2376 αύτοῑς

119 2401 279 2465 Μένωνα.
315 2397 444 2483 ἐπῆλθε
466 2400 504 2466 δὲ
526 2402 582 2464 καὶ
603 2403 672 2464 τόν
689 2397 808 2465 Ἰνδόν
822 2398 909 2490 τούς
929 2399 1085 2484 προσχά-

121 2522 202 2583 ρους
227 2497 437 2585 Ἀραχωτοϊς.
474 2499 650 2584 ξύμπαντα
672 2499 710 2564 δέ
733 2505 840 2565 ταύτα
860 2501 902 2566 τά
922 2503 1007 2585 ἔθνη
1029 2498 1085 2566 διά

120 2601 237 2692 χιόνος
256 2625 293 2666 τε
315 2604 442 2684 πολλῆς
470 2601 527 2665 καὶ
554 2597 617 2678 ξύν
639 2597 762 2685 άπορίηι
789 2605 859 2666 τόν
887 2602 1086 2686 ἐπιτηδείων

80 2721 107 2762 ιο
122 2701 179 2765 καὶ
207 2707 277 2767 τόν
304 2706 520 2784 στρατιωτῶν
544 2704 757 2786 ταλαιπωρίᾳ
784 2702 924 2786 ἐπῆίῶε.
964 2700 1123 2787 μαθόντι

120 2800 159 2867 δὲ
185 2801 264 2879 τούς
286 2800 435 2886 Ἀρείους
460 2793 563 2878 αὖθις
589 2801 795 2885 άφεστάναι,
830 2805 1085 2886 Σατιβαρζάνου

121 2901 156 2978 ἐς
177 2899 239 2986 τῆν
262 2903 378 2987 χάραν
395 2900 511 2967 αὐτόν
535 2902 741 2986 ἐμβαλόντος
762 2899 828 2968 σύν
851 2903 988 2981 ίππεύσι
1010 2904 1085 2968 δισ-
1161 2978 1162 2982 ¹

121 3005 253 3086 χιλίοις,
275 3001 337 3080 ούς
358 3000 450 3087 παρά
476 3002 613 3088 Βήσσου
635 3006 767 3088 ἔλαβεν,
790 3001 987 3070 άποστέλλει
1008 3004 1085 3089 παρ’

121 3100 246 3180 αύτούς
258 3102 459 3190 Ἀρτάβαζόν
478 3127 515 3168 τε
537 3101 598 3169 τὸν
613 3106 751 3189 Πέρσην
772 3105 828 3170 καὶ
840 3104 1009 3189 Ἐρίγυιον
1029 3107 1086 3172 καλ

82 3224 109 3266 ω
123 3203 283 3287 Κάρανον
304 3208 374 3270 τῶν
398 3203 555 3287 ἑταίρων
594 3205 776 3289 προσέταξε
804 3206 842 3272 δὲ
869 3209 926 3272 καί
950 3212 1085 3292 Φρατα-

122 3304 264 3390 φέρνην,
275 3306 337 3370 τόν
351 3308 420 3370 τόν
432 3307 645 3388 Παρθυαίων
660 3306 846 3390 σατράπην,
862 3306 1086 3392 ξυνεμβαλεῖν

121 3401 236 3482 αὐτοῖς
266 3407 302 3483 ἐς
328 3405 409 3482 τούς
433 3403 592 3488 Ἀρείους.
637 3407 694 3468 καὶ
720 3409 870 3490 γίγνεται
902 3408 989 3494 μάχη
1016 3419 1120 3487 votes
1193 3437 1196 3444 ¹
