2572 3920
210 142 253 207 28
564 138 815 202 ΑΛΕΞΑΝΔΡΟΤ

211 284 268 352 καὶ
294 288 363 352 τάν
389 287 496 366 πεζόν
521 289 604 372 μίαν
628 280 741 368 τάξιν,
773 282 829 350 καλ
862 278 927 370 πρδ
953 279 1083 352 τούτων
1108 279 1174 369 την

212 382 416 510 Σωκράτους
435 392 511 470 ίλην
528 391 738 471 Πτολεμαῖον
760 381 820 451 τόν
840 381 1048 453 Φιλίππου’
1033 382 1173 469 άγοντα,

211 482 231 572 6
226 483 292 572 66
311 484 368 552 καὶ
386 482 549 573 ἐτύγχανε
566 482 626 571 τὴν
644 477 826 572 ἡγεμονίαν
843 487 905 552 τού
926 486 1065 578 ίππικού
1082 508 1171 552 παν

182 584 267 666 ττός
286 591 410 673 ἔχουσα
429 587 541 675 ἐκείνη
558 612 599 674 τη
586 582 739 675 ’ἳὴμέρηι
772 579 872 665 αύτός
890 583 967 652 6''
946 611 1039 669 αγων
1057 583 1094 652 τό
1113 588 1170 651 δε-

212 685 284 770 ξιόν
302 687 401 774 κέρας
418 680 488 754 ύπό
507 691 704 772 σαλπίγγων
721 685 825 754 τεκαὶ
842 689 890 777 τῷ
906 680 1068 777 Ἐνυαλίῳ
1086 680 1193 752 ἀλα-ε

211 787 366 870 λάζοντας
393 789 542 874 ἐμβαίνει
568 789 602 866 ἐς
627 785 688 855 τόν
705 785 831 874 πόρον,
857 783 958 872 λοξὴν
981 781 1034 853 άελ
1061 808 1172 873 παρα-

210 895 331 956 τείνων
354 885 416 974 τὴν
439 887 531 969 τάξιν
555 880 753 977 ᾖπαρεῐλκε
775 885 813 955 τό
839 889 964 976 ῥεῦμα,
990 890 1047 954 ίνα
1065 883 1106 973 66
1125 884 1170 972 μὴ

212 991 399 1076 ἐκβαίνοντι
412 985 505 1080 αύτῷ
523 992 559 1056 οί
569 989 698 1077 Πέρσαι
711 985 794 1056 κατά
807 988 905 1077 κέρας
919 993 1170 1075 προσπίπτοιεν,

211 1087 297 1158 άλλά
319 1089 376 1158 καὶ
399 1086 500 1169 αύτδς
528 1085 573 1169 οδς
596 1086 744 1158 άνυστὸν
767 1093 809 1177 τῇ
834 1087 981 1176 φάλαγγι
1004 1089 1169 1177 προσμίξῃ

212 1188 338 1270 αὐτοῖς.
788 1231 790 1236 ,
1183 1215 1210 1255 το

162 1303 203 1368 15
291 1295 337 1361 OC
358 1289 396 1360 δὲ
413 1290 543 1380 Πέρσαι
565 1283 589 1380 6
614 1294 738 1380 πρῶτοι
761 1293 797 1358 oc
816 1287 902 1378 ἀμφὶ
923 1283 1090 1379 Ἀμύνταν
1113 1289 1170 1356 καὶ

212 1390 398 1478 Σωκράτην
428 1392 615 1480 προσέσχον
646 1395 688 1479 τῇ
716 1388 821 1479 ὄχθη,
852 1389 958 1480 ταύτῃ
989 1391 1046 1458 καὶ
1072 1383 1170 1458 αύτοὶ

210 1491 346 1560 ἄνωθεν
372 1497 555 1579 ἔβαλλον,
546 1495 593 1568 oc
616 1489 678 1578 μὲν
705 1488 819 1560 αὐτῶν
844 1489 910 1560 άπδ
935 1496 993 1578 τῆς
1011 1489 1116 1578 όχδης
1136 1492 1169 1571 ἐξ

209 1589 411 1713 ὑπερδεξίου
439 1595 472 1671 ἐς
497 1590 557 1660 τόν
584 1589 737 1679 ποταμόν
764 1593 919 1660 ἑσακοντί
904 1598 1043 1677 ίζοντες,
1074 1595 1109 1660 οί
1132 1589 1170 1659 δὲ

186 1690 294 1760 κατά
307 1688 348 1760 τά
362 1690 603 1820 χθαμριλύτερα
616 1686 721 1778 αύτῆς
740 1694 849 1761 ἔστε’
831 1693 886 1760 επὶ
898 1719 935 1760 το
925 1691 1047 1781 ὕδωρ
1066 1719 1168 1762 κατα·
1183 1717 1210 1758 ιε

183 1799 393 1880 τβαίνοντες.
417 1793 473 1860 καὶ
490 1785 535 1912 ην
552 1795 625 1892 των
636 1819 672 1860 τε
690 1793 821 1862 ίππέων
840 1789 1002 1880 ω’θισμός,
1020 1797 1089 1860 τῶν
1105 1792 1170 1880 μεν

116 1964 119 1972 ,
210 1896 378 1980 ἐκβαίνειν
397 1895 432 1962 έκ
448 1899 511 1962 τοῦ
530 1887 693 1981 ποταμοῦ,
710 1891 831 1962 τοῖνδ’
852 1902 975 1983 εἴργειν
987 1920 1049 1980 την
1068 1899 1169 1980 ἔκβα-

210 2014 274 2081 σιν,
293 1995 349 2062 καλ
367 1992 536 2063 παλτῶν’
516 2019 581 2062 απο
573 1991 662 2082 μέν
675 1999 744 2062 των
757 1997 901 2081 Περσων
919 1992 1062 2082 πολλη”
1040 2013 1168 2082 αφεσις,

209 2121 241 2163 οι
234 2092 458 2174 ’Μακεδόνες
482 2094 521 2162 δὲ
544 2092 609 2175 ξύν
625 2108 696 2174 τοῖς
720 2093 859 2184 δόρασιν
877 2094 1047 2183 ἐμάχοντο.
1082 2087 1168 2162 άλλολ

209 2196 257 2286 τῷ
274 2221 314 2276 τε
327 2194 450 2282 πλήθει
475 2193 565 2263 πολύ
584 2193 817 2282 ἐλαττούμενοι
834 2194 1031 2276 Μακεδόνες
1050 2198 1167 2264 έκακο*
1181 2224 1208 2264 νο

209 2294 348 2364 πάθουν
374 2297 410 2364 έν
434 2297 484 2384 τῇ
503 2293 618 2384 πρύτη
644 2297 818 2385 προσβολῇ
840 2296 898 2364 καὶ
916 2293 1013 2364 αὐτοὶ
1035 2299 1068 2378 ἐξ
1087 2293 1168 2382 άβε·

207 2401 307 2483 βαίου
325 2395 435 2464 τεκαὶ
458 2394 526 2482 ἅμα
543 2393 698 2464 κάτωθεν
724 2398 762 2470 ἐκ,
783 2401 845 2490 τοῦ
868 2400 1020 2484 ποταμοῦ
1032 2391 1169 2484 ’άμυνό-

207 2523 312 2585 μενοι,
331 2500 366 2564 οί
383 2495 421 2564 δὲ
434 2497 563 2585 Πέρσαι
582 2497 614 2577 έξ
627 2493 828 2584 ὑπερδεξίου
842 2503 901 2584 τῆς
919 2495 1038 2585 ὄχθης·
1058 2496 1168 2578 άλλως

207 2624 244 2666 τε
261 2597 317 2664 καὶ
334 2594 372 2666 τό
392 2595 568 2684 κράτιστον
585 2599 643 2681 τῆς
656 2601 823 2684 Περσικῆς
841 2601 946 2666 ἵππου
964 2597 1070 2688 ταύτη
1090 2601 1166 2667 έπε-

136 2761 142 2772 ,
207 2698 361 2782 τέτακτο,
387 2701 422 2764 οἵ
443 2723 478 2764 τε
495 2695 675 2782 Μέμνονος
700 2701 818 2776 παῖδες
834 2698 892 2765 καὶ
909 2694 1011 2780 αύτός
1029 2693 1047 2769 6
1065 2699 1163 2786 Μέμ·
1179 2724 1205 2764 ετ

76 2881 81 2892 .
183 2824 279 2873 ενων
292 2792 375 2884 μετά
392 2795 522 2866 τούτων
535 2794 739 2865 ἐκινδύνευε.
764 2796 869 2866 καλοί
883 2797 945 2886 μὲν
959 2807 1081 2890 πρῶτοι
1098 2803 1166 2867 των
1238 2855 1241 2862 .

146 2925 156 2942 “
208 2895 420 2968 Μακεδόνων
443 2899 661 2986 ξυμμίξαντες
687 2911 757 2978 τοῖς
775 2898 921 2986 Πέρσαις
937 2899 1167 2986 κατεκόπησαν

207 2997 293 3086 πρὸς
317 2996 453 3086 αότύν,
480 2995 601 3086 άνδρες
620 2995 743 3084 ἀγαθοί
763 2998 953 3087 γενόμενοι,
977 2999 1048 3070 ὅσοι
1064 3026 1103 3086 γε
1119 2998 1165 3087 μὴ

206 3097 292 3187 πρός
302 3096 521 3186 Ἀλέξανδρον
534 3097 715 3181 πελάζοντα
728 3093 911 3168 άπέκλιναν
924 3095 1046 3170 αότῶν.
1071 3098 1165 3170 Ἀλέ-

208 3200 349 3287 ξανδρος
367 3197 433 3286 γάρ
448 3197 513 3284 ἤδη
527 3205 670 3285 πλησίον
687 3191 747 3286 ἦν,
767 3197 835 3288 ἅμα
852 3196 888 3269 οἷ
901 3199 994 3287 άγων
1010 3200 1047 3270 τό
1065 3202 1163 3290 κέρας
1177 3228 1202 3268 ω

207 3298 245 3367 τό
264 3297 391 3385 δεξιόν,
416 3298 644 3384 καδέμβάλλει
662 3303 695 3381 ἐς
713 3298 793 3380 τούς
810 3301 944 3392 Πέρσας
961 3307 1090 3392 πρῶτος
1108 3307 1164 3372 ἵνα

206 3398 244 3469 τό
262 3405 332 3470 πάν
349 3412 467 3489 στῖφος
484 3400 543 3485 της
561 3403 666 3470 ἵππου
680 3402 737 3470 καλ
755 3397 853 3470 αύτολ
871 3406 906 3470 οί
920 3395 1080 3491 ἡγεμόνες
1097 3405 1164 3472 των
