2572 3920
416 141 603 196 λαωεειε
621 145 698 208 1‚12.
716 145 755 199 ιο.
854 159 858 170 ·
1006 143 1054 209 25

88 293 159 362 τοϊς
173 279 404 372 μισθοφόροις.
431 281 687 370 βουλευομένοις
700 281 738 351 66
748 279 867 364 αὐτοῖς
880 276 971 373 άπέρ
984 287 1053 354 τῶν
1081 311 1101 359 ο

89 381 290 471 παρόντων,
318 380 431 470 ἐπειδὴ
456 380 671 473 Ἀλέξανδρος
698 383 904 471 διαβεβηκῶς
928 383 1053 472 ἠγγέλ-

89 491 182 571 λετο,
213 485 364 572 Μέμνων
388 481 406 552 6
426 481 548 565 Ῥόδιος
571 483 714 574 παρῄνει
738 482 794 572 μή·
812 483 868 553 διά
887 487 1052 556 κινδύνου

90 585 176 654 ἰέναι
194 583 282 675 πρός
304 582 382 665 τούς
395 584 629 671 Μακεδόνας,
652 589 700 676 τῷ
717 611 752 653 τε
770 590 855 677 πεζῷ
876 585 967 658 πολδ
993 612 1053 656 πε·
1083 643 1086 648 .

65 683 225 773 ιριόντας
264 689 361 773 σφῶν
393 685 450 753 καὶ
487 680 596 754 αάτοό
622 682 845 772 Ἀλεξάνδρου
876 686 1053 775 παρόντος,

89 780 208 866 αὐτοῖς
234 785 272 854 δὲ
294 781 440 866 άπόντος
465 791 633 875 Δαρείου·
669 785 851 874 προϊόντας
877 787 915 856 66
938 787 998 856 τόν
1019 815 1055 858 τε

88 885 183 973 χιλόν
202 883 376 974 ἀφανίζειν
399 893 671 966 καταπατοῦντας
688 893 731 977 τῇ
748 891 841 980 ίππφ
858 887 916 957 καὶ
940 887 999 957 τόν
1018 890 1055 956 ἐν

88 992 129 1076 τῇ
147 992 194 1076 γῇ
213 985 347 1078 καρπόν
366 986 579 1076 ἐμπιπράναι,
601 988 686 1076 μηδὲ
702 994 771 1058 τῶν
789 987 922 1057 πόλεων
940 985 1055 1057 αὐτῶν

89 1089 322 1176 φειδομένους.
350 1085 390 1157 06
404 1087 470 1178 γάρ
484 1103 599 1177 μενεῖν
614 1090 651 1156 ἐν
668 1094 710 1178 τῇ
723 1088 817 1179 χώρα
830 1085 1054 1180 Ἀλέξανδρον

55 1215 78 1254 ιο
90 1185 219 1280 άπορίᾳ
236 1193 313 1258 τῶν
325 1191 528 1276 ἐπιτηδείων.
561 1187 717 1279 Ἀρσίτην
743 1189 781 1258 δὲ
800 1191 928 1276 λέγεται
946 1197 1054 1260 είπείν
1071 1213 1106 1264 10

90 1291 126 1357 ἐν
143 1293 192 1380 τῷ
207 1288 364 1382 συλλόγῳ
377 1293 446 1359 τῶν
459 1295 604 1380 Περσῶν
617 1288 668 1358 ὅτι
685 1287 748 1359 οὐκ
762 1287 805 1359 άν
819 1296 961 1378 περιίδοι
973 1298 1055 1379 μίαν

90 1396 203 1460 οἰκίαν
230 1393 484 1481 ἐμπρησθεῖσαν
506 1395 575 1459 τῶν
598 1387 667 1460 ὑπό
698 1385 732 1460 οἶ
753 1388 1010 1479 τετογμένων’
990 1419 1054 1459 αν-

89 1491 260 1580 θρῶπων
284 1493 341 1560 καὶ
358 1490 437 1571 τούς
455 1493 588 1580 Πέρσας
602 1487 739 1582 Ἀρσίτῃ
758 1493 986 1585 προσθέσθαι,
1005 1490 1055 1561 ὅτι

92 1592 187 1660 καὶ”
163 1591 321 1662 υποπτόν
338 1620 369 1660 τι
386 1587 503 1672 αὐτοῖς
522 1584 573 1678 ἦν
590 1590 683 1671 ἐς
648 1619 721 1662 τον
727 1593 910 1682 Μέμνονα,
938 1592 1054 1682 τριβάς

58 1694 287 1780 ιεέμποιειν’
270 1692 388 1763 εκόντα
414 1698 463 1785 τῷ
489 1692 624 1786 πολέμῳ
642 1698 700 1780 τῆς
720 1695 757 1762 έκ
774 1694 935 1780 βασιλέως
960 1700 1054 1838 τιμῆς

94 1795 203 1863 ἕνεκα.

164 1894 224 1966 Ἐν
249 1894 356 1987 τοότςο
382 1893 421 1963 δέ
448 1844 664 1984 Ἀλέξανδρος
694 1888 883 1982 Ικρυόχῶρει
914 1893 970 1961 ἐπὶ
995 1891 1108 1965 τόν13

94 1994 266 2086 Γρανικὸν
279 1993 429 2084 ποταμόν
442 1996 758 2086 συντεταγμένωτῷ
773 1997 915 2085 στρατῶ,
935 1997 1056 2080 διπλῆν

94 2097 154 2184 μὲν
166 2095 233 2184 τὴν
246 2095 403 2185 φάλαγγα
420 2101 489 2165 τῶν
501 2094 647 2165 ὁπλιτῶν
660 2094 771 2182 τάξας,
790 2092 870 2174 τούς
884 2093 921 2162 δέ
936 2095 1083 2174 ίππέας

63 2222 85 2262 το
96 2196 176 2266 κατά
196 2196 237 2266 τά
251 2198 373 2285 κέρατα
386 2194 491 2284 άγων,
510 2195 550 2265 τά
566 2194 756 2284 σκευοφόρα
772 2194 809 2264 δὲ
822 2193 963 2264 κατόπιν
982 2197 1052 2264 ἐπι-

94 2297 194 2379 τάξας
214 2300 369 2366 ἕπεσθαι·
387 2295 466 2377 τούς
486 2297 524 2365 δέ
541 2297 918 2384 προκατασκεψομένους
930 2294 970 2364 τά
986 2301 1059 2364 τῶν

96 2404 264 2488 πολεμίων
289 2389 373 2484 ἦγεν
398 2394 493 2489 αὐτῷ
510 2391 704 2485 Ἡγέλοχος,
733 2397 854 2476 ίπιτέας
880 2395 943 2483 μὲν
970 2401 1058 2482 ἔχων

95 2498 173 2580 ιοδς
191 2496 473 2587 σαρισσοφόρους,
491 2503 558 2566 τῶν
577 2497 614 2566 δὲ
633 2502 740 2579 ψιλῶν
758 2498 790 2576 ές
804 2502 1054 2575 πεντακοσίους.
1122 2563 1126 2572 ,

97 2601 152 2668 καὶ
166 2595 383 2687 Ἀλέξανδρός
400 2624 436 2666 τε
449 2596 490 2666 06
509 2597 596 2668 πολδ
615 2596 731 2685 ἀπεῖχε
747 2601 809 2665 τοῦ
827 2602 978 2684 ποταμοῦ
994 2601 1056 2665 τοῦ
1089 2607 1110 2655 2

63 2726 85 2767 ιο
97 2705 265 2790 Γρανικοῦ
282 2699 339 2768 καὶ
357 2702 393 2768 oc
415 2695 482 2768 άπδ
500 2704 568 2767 τῶν
585 2704 722 2767 σκοπῶν
740 2701 873 2786 σπουδῇ
893 2697 1059 2766 έλαόνονι

96 2829 146 2882 τες
165 2795 358 2888 άπήγγελον
383 2800 439 2867 ἐπὶ
462 2803 508 2890 τῷ
526 2804 681 2890 Γρανικῷ
703 2800 808 2883 πέραν
825 2795 904 2878 τοδς
923 2799 1061 2887 Πέρσας

98 2901 276 2990 ἐφεστάναι
293 2900 515 3022 τεταγμένους
534 2895 580 2980 ῶς
598 2901 632 2979 ἐς
649 2896 769 2986 μάχην.
801 2902 885 2966 ἔνθα
904 2897 945 2984 δὴ
961 2895 1061 2967 'Ake'-

98 3004 237 3092 ξανδρος
265 2998 388 3089 μέν
352 3027 414 3087 την
445 2997 603 3089 στρατιάν
636 3003 750 3067 πᾶσαν
780 2997 979 3066 συνέταττεν
1012 2996 1060 3078 ῶς

97 3103 344 3191 μαχουμένους·
371 3106 576 3208 Παρμενίων
589 3099 628 3168 δέ
645 3096 846 3189 προσελθῶν
859 3096 971 3184 λέγει’
971 3107 1055 3169 Αλε-

67 3203 228 3296 ιῡξάνδρῳ
246 3201 336 3271 τάδε.

167 3301 260 3392 Ἐμοὶ
274 3307 379 3390 δοκεῖ,
396 3305 546 3389 βασιλεῦ,
560 3295 740 3388 άγαθόν
707 3327 793 3370 ειναι
807 3302 902 3368 ἐν
856 3327 902 3368 τω
917 3300 1057 3390 παρόντι
1090 3313 1107 3362 3

98 3407 464 3496 καταστρατοπεδεῦσαι
488 3403 543 3471 ἐπὶ
568 3407 630 3470 τοῦ
656 3405 808 3501 ποταμοῦ
829 3405 872 3490 τῇ
897 3395 984 3489 ὄχθῃ
1009 3393 1056 3478 ῶς
