<?xml version="1.0" encoding="UTF-8"?>
<!DOCTYPE html PUBLIC "-//W3C//DTD XHTML 1.0 Transitional//EN"
    "http://www.w3.org/TR/xhtml1/DTD/xhtml1-transitional.dtd">
<html xmlns="http://www.w3.org/1999/xhtml" xml:lang="en" lang="en">
 <head>
  <title>
</title>
<meta http-equiv="Content-Type" content="text/html;charset=utf-8" />
  <meta name='ocr-system' content='tesseract 3.04.00' />
  <meta name='ocr-capabilities' content='ocr_page ocr_carea ocr_par ocr_line ocrx_word'/>
</head>
<body>
  <div class='ocr_page' id='page_1' title='image "./arrianianabasis01arrigoog_0326.png"; bbox 0 0 2546 3920; ppageno 0'>
   <div class='ocr_carea' id='block_1_1' title="bbox 388 159 1059 228">
    <p class='ocr_par' dir='ltr' id='par_1_1' title="bbox 388 159 1059 228">
     <span class='ocr_line' id='line_1_1' title="bbox 388 159 1059 228; baseline 0.022 -17"><span class='ocrx_word' id='word_1_1' title='bbox 388 159 576 214; x_wconf 73' lang='grc' dir='ltr'><strong><em>Δυεεεεῐυ</em></strong></span> <span class='ocrx_word' id='word_1_2' title='bbox 593 165 622 226; x_wconf 80' lang='grc' dir='ltr'><strong><em>τ,</em></strong></span> <span class='ocrx_word' id='word_1_3' title='bbox 641 166 680 216; x_wconf 82' lang='lat'><strong><em>13.</em></strong></span> <span class='ocrx_word' id='word_1_4' title='bbox 700 165 741 218; x_wconf 84' lang='lat'><strong><em>14.</em></strong></span> <span class='ocrx_word' id='word_1_5' title='bbox 992 161 1059 228; x_wconf 76' lang='lat'><strong><em>309</em></strong></span> 
     </span>
    </p>
   </div>
   <div class='ocr_carea' id='block_1_2' title="bbox 43 317 1109 3531">
    <p class='ocr_par' dir='ltr' id='par_1_2' title="bbox 43 317 1109 3531">
     <span class='ocr_line' id='line_1_2' title="bbox 79 317 1060 406; baseline 0.004 -20"><span class='ocrx_word' id='word_1_6' title='bbox 79 319 190 404; x_wconf 76' lang='grc' dir='ltr'><strong><em>τελῷς</em></strong></span> <span class='ocrx_word' id='word_1_7' title='bbox 199 317 236 387; x_wconf 86' lang='grc' dir='ltr'><strong><em>τό</em></strong></span> <span class='ocrx_word' id='word_1_8' title='bbox 247 317 346 403; x_wconf 85' lang='grc' dir='ltr'><strong><em>γένος</em></strong></span> <span class='ocrx_word' id='word_1_9' title='bbox 361 318 493 388; x_wconf 86' lang='grc' dir='ltr'><strong><em>τούτων</em></strong></span> <span class='ocrx_word' id='word_1_10' title='bbox 506 321 577 388; x_wconf 74' lang='grc' dir='ltr'><strong><em>τῶν</em></strong></span> <span class='ocrx_word' id='word_1_11' title='bbox 590 325 763 406; x_wconf 69' lang='grc' dir='ltr'><strong><em>γυναικοῖν</em></strong></span> <span class='ocrx_word' id='word_1_12' title='bbox 776 319 817 390; x_wconf 84' lang='grc' dir='ltr'><strong><em>οὐ</em></strong></span> <span class='ocrx_word' id='word_1_13' title='bbox 829 318 948 390; x_wconf 87' lang='grc' dir='ltr'><strong><em>πιστόν</em></strong></span> <span class='ocrx_word' id='word_1_14' title='bbox 962 324 1060 390; x_wconf 75' lang='grc' dir='ltr'><strong><em>δοκεῖ</em></strong></span> 
     </span>
     <span class='ocr_line' id='line_1_3' title="bbox 82 416 1057 510; baseline 0.004 -24"><span class='ocrx_word' id='word_1_15' title='bbox 82 425 211 506; x_wconf 79' lang='grc' dir='ltr'><strong><em>ἔμοιγε,</em></strong></span> <span class='ocrx_word' id='word_1_16' title='bbox 237 417 324 507; x_wconf 88' lang='grc' dir='ltr'><strong><em>πρός</em></strong></span> <span class='ocrx_word' id='word_1_17' title='bbox 350 419 523 490; x_wconf 75' lang='grc' dir='ltr'><strong><em>τοσούτων</em></strong></span> <span class='ocrx_word' id='word_1_18' title='bbox 549 423 608 490; x_wconf 81' lang='grc' dir='ltr'><strong><em>καὶ</em></strong></span> <span class='ocrx_word' id='word_1_19' title='bbox 625 423 790 490; x_wconf 74' lang='grc' dir='ltr'><strong><em>τοιούτων</em></strong></span> <span class='ocrx_word' id='word_1_20' title='bbox 807 416 972 510; x_wconf 86' lang='grc' dir='ltr'><strong><em>ύμνηθέυ.</em></strong></span> <span class='ocrx_word' id='word_1_21' title='bbox 1010 421 1057 502; x_wconf 75' lang='grc' dir='ltr'><strong><em>τός</em></strong></span> 
     </span>
     <span class='ocr_line' id='line_1_4' title="bbox 77 513 1053 610; baseline -0.002 -20"><span class='ocrx_word' id='word_1_22' title='bbox 77 513 247 608; x_wconf 80' lang='grc' dir='ltr'><strong><em>Ἡρακλέα</em></strong></span> <span class='ocrx_word' id='word_1_23' title='bbox 272 546 309 590; x_wconf 84' lang='grc' dir='ltr'><strong><em>τε</em></strong></span> <span class='ocrx_word' id='word_1_24' title='bbox 329 518 383 590; x_wconf 80' lang='grc' dir='ltr'><strong><em>ἐπ’</em></strong></span> <span class='ocrx_word' id='word_1_25' title='bbox 404 517 510 600; x_wconf 83' lang='grc' dir='ltr'><strong><em>αύτάς</em></strong></span> <span class='ocrx_word' id='word_1_26' title='bbox 527 521 627 608; x_wconf 81' lang='grc' dir='ltr'><strong><em>λόγος</em></strong></span> <span class='ocrx_word' id='word_1_27' title='bbox 645 524 773 610; x_wconf 81' lang='grc' dir='ltr'><strong><em>κατέχει</em></strong></span> <span class='ocrx_word' id='word_1_28' title='bbox 791 521 842 591; x_wconf 86' lang='grc' dir='ltr'><strong><em>ὅτι</em></strong></span> <span class='ocrx_word' id='word_1_29' title='bbox 860 523 979 609; x_wconf 75' lang='grc' dir='ltr'><strong><em>ἐστάλη</em></strong></span> <span class='ocrx_word' id='word_1_30' title='bbox 997 523 1053 590; x_wconf 75' lang='grc' dir='ltr'><strong><em>καὶ</em></strong></span> 
     </span>
     <span class='ocr_line' id='line_1_5' title="bbox 82 615 1059 712; baseline 0.002 -24"><span class='ocrx_word' id='word_1_31' title='bbox 82 620 238 712; x_wconf 75' lang='grc' dir='ltr'><strong><em>ζωστῆρά</em></strong></span> <span class='ocrx_word' id='word_1_32' title='bbox 263 647 337 690; x_wconf 89' lang='grc' dir='ltr'><strong><em>τινα</em></strong></span> <span class='ocrx_word' id='word_1_33' title='bbox 352 615 551 710; x_wconf 73' lang='grc' dir='ltr'><strong><em>Ἱππολύτης</em></strong></span> <span class='ocrx_word' id='word_1_34' title='bbox 577 626 636 708; x_wconf 77' lang='grc' dir='ltr'><strong><em>τῆς</em></strong></span> <span class='ocrx_word' id='word_1_35' title='bbox 653 630 851 712; x_wconf 81' lang='grc' dir='ltr'><strong><em>βασιλίσσης</em></strong></span> <span class='ocrx_word' id='word_1_36' title='bbox 869 621 986 692; x_wconf 78' lang='grc' dir='ltr'><strong><em>αὐτῶν</em></strong></span> <span class='ocrx_word' id='word_1_37' title='bbox 1004 620 1059 690; x_wconf 83' lang='grc' dir='ltr'><strong><em>ότι</em></strong></span> 
     </span>
     <span class='ocr_line' id='line_1_6' title="bbox 53 715 1059 812; baseline 0.005 -26"><span class='ocrx_word' id='word_1_38' title='bbox 53 747 68 786; x_wconf 80' lang='lat'><strong>5</strong></span> <span class='ocrx_word' id='word_1_39' title='bbox 86 723 122 800; x_wconf 80' lang='grc' dir='ltr'><strong><em>ἐς</em></strong></span> <span class='ocrx_word' id='word_1_40' title='bbox 149 722 212 808; x_wconf 80' lang='grc' dir='ltr'><strong><em>τὴν</em></strong></span> <span class='ocrx_word' id='word_1_41' title='bbox 226 715 369 792; x_wconf 66' lang='grc' dir='ltr'><strong><em>Ἐλλάδα</em></strong></span> <span class='ocrx_word' id='word_1_42' title='bbox 387 721 527 810; x_wconf 83' lang='grc' dir='ltr'><strong><em>ἐκόμισε,</em></strong></span> <span class='ocrx_word' id='word_1_43' title='bbox 554 723 611 790; x_wconf 87' lang='grc' dir='ltr'><strong><em>καὶ</em></strong></span> <span class='ocrx_word' id='word_1_44' title='bbox 629 728 663 792; x_wconf 92' lang='grc' dir='ltr'><strong><em>οί</em></strong></span> <span class='ocrx_word' id='word_1_45' title='bbox 684 723 747 805; x_wconf 86' lang='grc' dir='ltr'><strong><em>ξύν</em></strong></span> <span class='ocrx_word' id='word_1_46' title='bbox 765 733 869 812; x_wconf 70' lang='grc' dir='ltr'><strong><em>Θησεῖ</em></strong></span> <span class='ocrx_word' id='word_1_47' title='bbox 881 723 1059 812; x_wconf 72' lang='grc' dir='ltr'><strong><em>Ἀθηναῖοι</em></strong></span> 
     </span>
     <span class='ocr_line' id='line_1_7' title="bbox 81 819 1057 914; baseline 0.004 -26"><span class='ocrx_word' id='word_1_48' title='bbox 81 819 139 900; x_wconf 51' lang='grc' dir='ltr'><strong><em>,ὅτι</em></strong></span> <span class='ocrx_word' id='word_1_49' title='bbox 174 822 331 904; x_wconf 81' lang='grc' dir='ltr'><strong><em>ἐπιούσας</em></strong></span> <span class='ocrx_word' id='word_1_50' title='bbox 365 823 425 904; x_wconf 86' lang='grc' dir='ltr'><strong><em>τάς</em></strong></span> <span class='ocrx_word' id='word_1_51' title='bbox 451 837 617 909; x_wconf 82' lang='grc' dir='ltr'><strong><em>γυναῖκας</em></strong></span> <span class='ocrx_word' id='word_1_52' title='bbox 643 823 767 904; x_wconf 88' lang='grc' dir='ltr'><strong><em>ταύτας</em></strong></span> <span class='ocrx_word' id='word_1_53' title='bbox 795 825 856 912; x_wconf 85' lang='grc' dir='ltr'><strong><em>τὴν</em></strong></span> <span class='ocrx_word' id='word_1_54' title='bbox 886 823 1057 914; x_wconf 83' lang='grc' dir='ltr'><strong><em>Εύρεόπηυ</em></strong></span> 
     </span>
     <span class='ocr_line' id='line_1_8' title="bbox 85 919 1056 1014; baseline 0.002 -24"><span class='ocrx_word' id='word_1_55' title='bbox 85 919 217 1010; x_wconf 75' lang='grc' dir='ltr'><strong><em>πρῶτον</em></strong></span> <span class='ocrx_word' id='word_1_56' title='bbox 234 922 323 1012; x_wconf 86' lang='grc' dir='ltr'><strong><em>μάχη</em></strong></span> <span class='ocrx_word' id='word_1_57' title='bbox 342 924 538 1011; x_wconf 83' lang='grc' dir='ltr'><strong><em>νικήσαντες</em></strong></span> <span class='ocrx_word' id='word_1_58' title='bbox 556 922 768 994; x_wconf 79' lang='grc' dir='ltr'><strong><em>ἀνέστειλαν·</em></strong></span> <span class='ocrx_word' id='word_1_59' title='bbox 796 927 852 993; x_wconf 83' lang='grc' dir='ltr'><strong><em>καὶ</em></strong></span> <span class='ocrx_word' id='word_1_60' title='bbox 871 927 1056 1014; x_wconf 84' lang='grc' dir='ltr'><strong><em>γέγραπται</em></strong></span> 
     </span>
     <span class='ocr_line' id='line_1_9' title="bbox 84 1021 1054 1114; baseline 0.002 -23"><span class='ocrx_word' id='word_1_61' title='bbox 84 1021 107 1110; x_wconf 76' lang='grc' dir='ltr'><em>ἡ</em></span> <span class='ocrx_word' id='word_1_62' title='bbox 134 1021 326 1110; x_wconf 86' lang='grc' dir='ltr'><strong><em>Ἀθηναίων</em></strong></span> <span class='ocrx_word' id='word_1_63' title='bbox 352 1025 409 1092; x_wconf 72' lang='grc' dir='ltr'><strong><em>καί</em></strong></span> <span class='ocrx_word' id='word_1_64' title='bbox 433 1022 623 1112; x_wconf 85' lang='grc' dir='ltr'><strong><em>Ἀμαζόνων</em></strong></span> <span class='ocrx_word' id='word_1_65' title='bbox 648 1027 735 1114; x_wconf 87' lang='grc' dir='ltr'><strong><em>μάχη</em></strong></span> <span class='ocrx_word' id='word_1_66' title='bbox 771 1024 856 1114; x_wconf 87' lang='grc' dir='ltr'><strong><em>πρός</em></strong></span> <span class='ocrx_word' id='word_1_67' title='bbox 891 1035 1054 1105; x_wconf 85' lang='grc' dir='ltr'><strong><em>Μίκωνος</em></strong></span> 
     </span>
     <span class='ocr_line' id='line_1_10' title="bbox 86 1120 1092 1218; baseline 0.008 -27"><span class='ocrx_word' id='word_1_68' title='bbox 86 1122 130 1192; x_wconf 89' lang='grc' dir='ltr'><strong><em>ού</em></strong></span> <span class='ocrx_word' id='word_1_69' title='bbox 156 1137 252 1211; x_wconf 79' lang='grc' dir='ltr'><strong><em>μείου</em></strong></span> <span class='ocrx_word' id='word_1_70' title='bbox 277 1122 362 1214; x_wconf 81' lang='grc' dir='ltr'><strong><em>ἤπερ</em></strong></span> <span class='ocrx_word' id='word_1_71' title='bbox 380 1124 607 1213; x_wconf 82' lang='grc' dir='ltr'><strong><em>ἡἈθηναίων</em></strong></span> <span class='ocrx_word' id='word_1_72' title='bbox 624 1129 681 1218; x_wconf 85' lang='grc' dir='ltr'><strong><em>καὶ</em></strong></span> <span class='ocrx_word' id='word_1_73' title='bbox 699 1131 851 1215; x_wconf 81' lang='grc' dir='ltr'><strong><em>Περσῶν.</em></strong></span> <span class='ocrx_word' id='word_1_74' title='bbox 885 1129 942 1196; x_wconf 87' lang='grc' dir='ltr'><strong><em>καὶ</em></strong></span> <span class='ocrx_word' id='word_1_75' title='bbox 956 1120 1055 1213; x_wconf 78' lang='grc' dir='ltr'><strong><em>Ἠρο-</em></strong></span> <span class='ocrx_word' id='word_1_76' title='bbox 1073 1151 1092 1199; x_wconf 77' lang='grc'><strong>6</strong></span> 
     </span>
     <span class='ocr_line' id='line_1_11' title="bbox 43 1223 1056 1316; baseline 0.002 -24"><span class='ocrx_word' id='word_1_77' title='bbox 43 1254 72 1292; x_wconf 91' lang='lat'><strong><em>10</em></strong></span> <span class='ocrx_word' id='word_1_78' title='bbox 89 1223 180 1316; x_wconf 78' lang='grc' dir='ltr'><strong><em>θότρι</em></strong></span> <span class='ocrx_word' id='word_1_79' title='bbox 194 1225 354 1304; x_wconf 80' lang='grc' dir='ltr'><strong><em>πολλάκις</em></strong></span> <span class='ocrx_word' id='word_1_80' title='bbox 369 1228 447 1314; x_wconf 77' lang='grc' dir='ltr'><strong><em>περὶ</em></strong></span> <span class='ocrx_word' id='word_1_81' title='bbox 460 1229 529 1294; x_wconf 77' lang='grc' dir='ltr'><strong><em>τῶν</em></strong></span> <span class='ocrx_word' id='word_1_82' title='bbox 542 1231 715 1312; x_wconf 78' lang='grc' dir='ltr'><strong><em>γυναικῶν</em></strong></span> <span class='ocrx_word' id='word_1_83' title='bbox 728 1228 859 1295; x_wconf 88' lang='grc' dir='ltr'><strong><em>τούτων</em></strong></span> <span class='ocrx_word' id='word_1_84' title='bbox 869 1233 1056 1314; x_wconf 85' lang='grc' dir='ltr'><strong><em>πεποίηται,</em></strong></span> 
     </span>
     <span class='ocr_line' id='line_1_12' title="bbox 87 1323 1057 1418; baseline 0.002 -25"><span class='ocrx_word' id='word_1_85' title='bbox 87 1325 146 1393; x_wconf 78' lang='grc' dir='ltr'><strong><em>καὶ</em></strong></span> <span class='ocrx_word' id='word_1_86' title='bbox 172 1323 246 1394; x_wconf 83' lang='grc' dir='ltr'><strong><em>ὅσοι</em></strong></span> <span class='ocrx_word' id='word_1_87' title='bbox 258 1323 453 1413; x_wconf 86' lang='grc' dir='ltr'><strong><em>Ἀθηναίων</em></strong></span> <span class='ocrx_word' id='word_1_88' title='bbox 478 1325 560 1406; x_wconf 85' lang='grc' dir='ltr'><strong><em>τούς</em></strong></span> <span class='ocrx_word' id='word_1_89' title='bbox 587 1329 624 1396; x_wconf 88' lang='grc' dir='ltr'><strong><em>έν</em></strong></span> <span class='ocrx_word' id='word_1_90' title='bbox 642 1329 776 1418; x_wconf 80' lang='grc' dir='ltr'><strong><em>πολέμῳ</em></strong></span> <span class='ocrx_word' id='word_1_91' title='bbox 794 1327 1057 1415; x_wconf 80' lang='grc' dir='ltr'><strong><em>τελευτήσαντας</em></strong></span> 
     </span>
     <span class='ocr_line' id='line_1_13' title="bbox 89 1425 1058 1517; baseline 0.005 -24"><span class='ocrx_word' id='word_1_92' title='bbox 89 1425 180 1517; x_wconf 82' lang='grc' dir='ltr'><strong><em>λόγῳ</em></strong></span> <span class='ocrx_word' id='word_1_93' title='bbox 216 1425 425 1514; x_wconf 80' lang='grc' dir='ltr'><strong><em>ἐκόσμησαν,</em></strong></span> <span class='ocrx_word' id='word_1_94' title='bbox 458 1428 516 1495; x_wconf 79' lang='grc' dir='ltr'><strong><em>καὶ</em></strong></span> <span class='ocrx_word' id='word_1_95' title='bbox 550 1433 612 1496; x_wconf 80' lang='grc' dir='ltr'><strong><em>τοῦ</em></strong></span> <span class='ocrx_word' id='word_1_96' title='bbox 639 1427 723 1516; x_wconf 87' lang='grc' dir='ltr'><strong><em>πρός</em></strong></span> <span class='ocrx_word' id='word_1_97' title='bbox 745 1427 927 1515; x_wconf 85' lang='grc' dir='ltr'><strong><em>Ἀμαζόνας</em></strong></span> <span class='ocrx_word' id='word_1_98' title='bbox 955 1434 1058 1517; x_wconf 81' lang='grc' dir='ltr'><strong><em>ἔργον</em></strong></span> 
     </span>
     <span class='ocr_line' id='line_1_14' title="bbox 87 1525 1059 1616; baseline 0.003 -20"><span class='ocrx_word' id='word_1_99' title='bbox 87 1525 280 1614; x_wconf 80' lang='grc' dir='ltr'><strong><em>Ἀθηναίων</em></strong></span> <span class='ocrx_word' id='word_1_100' title='bbox 308 1528 346 1596; x_wconf 81' lang='grc' dir='ltr'><strong><em>ἐν</em></strong></span> <span class='ocrx_word' id='word_1_101' title='bbox 372 1542 445 1606; x_wconf 77' lang='grc' dir='ltr'><strong><em>τοῖς</em></strong></span> <span class='ocrx_word' id='word_1_102' title='bbox 462 1527 605 1614; x_wconf 88' lang='grc' dir='ltr'><strong><em>μάλιστα</em></strong></span> <span class='ocrx_word' id='word_1_103' title='bbox 622 1529 756 1616; x_wconf 83' lang='grc' dir='ltr'><strong><em>μνήμην</em></strong></span> <span class='ocrx_word' id='word_1_104' title='bbox 775 1530 982 1616; x_wconf 81' lang='grc' dir='ltr'><strong><em>ἐποιήσαντο.</em></strong></span> <span class='ocrx_word' id='word_1_105' title='bbox 1026 1536 1059 1599; x_wconf 90' lang='grc' dir='ltr'><strong><em>εί</em></strong></span> 
     </span>
     <span class='ocr_line' id='line_1_15' title="bbox 91 1623 1059 1719; baseline 0.001 -23"><span class='ocrx_word' id='word_1_106' title='bbox 91 1626 129 1696; x_wconf 70' lang='grc' dir='ltr'><strong><em>δέ</em></strong></span> <span class='ocrx_word' id='word_1_107' title='bbox 157 1629 295 1707; x_wconf 76' lang='grc' dir='ltr'><strong><em>ἱππικὰς</em></strong></span> <span class='ocrx_word' id='word_1_108' title='bbox 321 1627 365 1714; x_wconf 79' lang='grc' dir='ltr'><strong><em>δή</em></strong></span> <span class='ocrx_word' id='word_1_109' title='bbox 397 1655 490 1708; x_wconf 88' lang='grc' dir='ltr'><strong><em>τινας</em></strong></span> <span class='ocrx_word' id='word_1_110' title='bbox 515 1623 681 1715; x_wconf 72' lang='grc' dir='ltr'><strong><em>γυνασιιας</em></strong></span> <span class='ocrx_word' id='word_1_111' title='bbox 705 1628 908 1719; x_wconf 77' lang='grc' dir='ltr'><strong><em>Ἀτροπάτης</em></strong></span> <span class='ocrx_word' id='word_1_112' title='bbox 936 1632 1059 1710; x_wconf 80' lang='grc' dir='ltr'><strong><em>ἔδειξεν</em></strong></span> 
     </span>
     <span class='ocr_line' id='line_1_16' title="bbox 48 1727 1058 1820; baseline 0.007 -27"><span class='ocrx_word' id='word_1_113' title='bbox 48 1754 77 1793; x_wconf 80' lang='lat'><strong><em>15</em></strong></span> <span class='ocrx_word' id='word_1_114' title='bbox 88 1727 311 1820; x_wconf 77' lang='grc' dir='ltr'><strong><em>Ἀλεξάνδρῳ,</em></strong></span> <span class='ocrx_word' id='word_1_115' title='bbox 338 1729 532 1816; x_wconf 77' lang='grc' dir='ltr'><strong><em>βαρβάρους</em></strong></span> <span class='ocrx_word' id='word_1_116' title='bbox 558 1731 650 1810; x_wconf 81' lang='grc' dir='ltr'><strong><em>τινάς</em></strong></span> <span class='ocrx_word' id='word_1_117' title='bbox 677 1728 780 1810; x_wconf 85' lang='grc' dir='ltr'><strong><em>άλλας</em></strong></span> <span class='ocrx_word' id='word_1_118' title='bbox 805 1745 970 1817; x_wconf 76' lang='grc' dir='ltr'><strong><em>γυναῖκας</em></strong></span> <span class='ocrx_word' id='word_1_119' title='bbox 1000 1736 1058 1819; x_wconf 85' lang='grc' dir='ltr'><strong><em>ίπ-</em></strong></span> 
     </span>
     <span class='ocr_line' id='line_1_17' title="bbox 93 1825 1058 1920; baseline 0.003 -23"><span class='ocrx_word' id='word_1_120' title='bbox 93 1827 207 1898; x_wconf 87' lang='grc' dir='ltr'><strong><em>πεύειν</em></strong></span> <span class='ocrx_word' id='word_1_121' title='bbox 224 1825 413 1917; x_wconf 78' lang='grc' dir='ltr'><strong><em>ἠσκημένας</em></strong></span> <span class='ocrx_word' id='word_1_122' title='bbox 432 1831 522 1900; x_wconf 78' lang='grc' dir='ltr'><strong><em>όοκῶ</em></strong></span> <span class='ocrx_word' id='word_1_123' title='bbox 536 1828 586 1898; x_wconf 81' lang='grc' dir='ltr'><strong><em>ὅτι</em></strong></span> <span class='ocrx_word' id='word_1_124' title='bbox 606 1833 728 1912; x_wconf 80' lang='grc' dir='ltr'><strong><em>ἔδειξεν</em></strong></span> <span class='ocrx_word' id='word_1_125' title='bbox 747 1834 780 1912; x_wconf 81' lang='grc' dir='ltr'><strong><em>ἐς</em></strong></span> <span class='ocrx_word' id='word_1_126' title='bbox 797 1831 857 1899; x_wconf 85' lang='grc' dir='ltr'><strong><em>τόν</em></strong></span> <span class='ocrx_word' id='word_1_127' title='bbox 876 1830 1058 1920; x_wconf 85' lang='grc' dir='ltr'><strong><em>λεγόμενον</em></strong></span> 
     </span>
     <span class='ocr_line' id='line_1_18' title="bbox 93 1927 840 2019; baseline 0.004 -21"><span class='ocrx_word' id='word_1_128' title='bbox 93 1929 135 2018; x_wconf 82' lang='grc' dir='ltr'><strong><em>δὴ</em></strong></span> <span class='ocrx_word' id='word_1_129' title='bbox 161 1931 230 1998; x_wconf 76' lang='grc' dir='ltr'><strong><em>τῶν</em></strong></span> <span class='ocrx_word' id='word_1_130' title='bbox 254 1927 445 2017; x_wconf 77' lang='grc' dir='ltr'><strong><em>Ἀμαζόνων</em></strong></span> <span class='ocrx_word' id='word_1_131' title='bbox 471 1931 598 2018; x_wconf 84' lang='grc' dir='ltr'><strong><em>κόσμον</em></strong></span> <span class='ocrx_word' id='word_1_132' title='bbox 626 1933 840 2019; x_wconf 78' lang='grc' dir='ltr'><strong><em>ἐσταλμένας.</em></strong></span> 
     </span>
     <span class='ocr_line' id='line_1_19' title="bbox 165 2027 1109 2119; baseline -0.004 -19"><span class='ocrx_word' id='word_1_133' title='bbox 165 2027 220 2100; x_wconf 84' lang='grc' dir='ltr'><strong><em>Ἐν</em></strong></span> <span class='ocrx_word' id='word_1_134' title='bbox 234 2028 446 2119; x_wconf 77' lang='grc' dir='ltr'><strong><em>Ἐκβατάνοις</em></strong></span> <span class='ocrx_word' id='word_1_135' title='bbox 472 2031 511 2100; x_wconf 79' lang='grc' dir='ltr'><strong><em>δέ</em></strong></span> <span class='ocrx_word' id='word_1_136' title='bbox 536 2039 666 2101; x_wconf 78' lang='grc' dir='ltr'><strong><em>θυσίαν</em></strong></span> <span class='ocrx_word' id='word_1_137' title='bbox 692 2059 728 2101; x_wconf 84' lang='grc' dir='ltr'><strong><em>τε</em></strong></span> <span class='ocrx_word' id='word_1_138' title='bbox 752 2039 875 2102; x_wconf 85' lang='grc' dir='ltr'><strong><em>ἔθυσεν</em></strong></span> <span class='ocrx_word' id='word_1_139' title='bbox 897 2029 1055 2113; x_wconf 81' lang='grc' dir='ltr'><strong><em>Ἀλέξαν-</em></strong></span> <span class='ocrx_word' id='word_1_140' title='bbox 1069 2033 1109 2097; x_wconf 91' lang='grc'><strong><em>14</em></strong></span> 
     </span>
     <span class='ocr_line' id='line_1_20' title="bbox 94 2129 1057 2222; baseline 0.002 -22"><span class='ocrx_word' id='word_1_141' title='bbox 94 2137 185 2219; x_wconf 79' lang='grc' dir='ltr'><strong><em>θρος,</em></strong></span> <span class='ocrx_word' id='word_1_142' title='bbox 213 2129 336 2221; x_wconf 70' lang='grc' dir='ltr'><strong><em>ὥσπερ.</em></strong></span> <span class='ocrx_word' id='word_1_143' title='bbox 352 2130 446 2222; x_wconf 77' lang='grc' dir='ltr'><strong><em>αύτῷ</em></strong></span> <span class='ocrx_word' id='word_1_144' title='bbox 484 2133 539 2202; x_wconf 77' lang='grc' dir='ltr'><strong><em>ἐπὶ</em></strong></span> <span class='ocrx_word' id='word_1_145' title='bbox 566 2135 754 2220; x_wconf 81' lang='grc' dir='ltr'><strong><em>ξυμφοραῖς</em></strong></span> <span class='ocrx_word' id='word_1_146' title='bbox 782 2131 927 2220; x_wconf 83' lang='grc' dir='ltr'><strong><em>άγαθαῑς</em></strong></span> <span class='ocrx_word' id='word_1_147' title='bbox 953 2134 1057 2222; x_wconf 85' lang='grc' dir='ltr'><strong><em>νόμος</em></strong></span> 
     </span>
     <span class='ocr_line' id='line_1_21' title="bbox 51 2225 1058 2322; baseline 0.003 -23"><span class='ocrx_word' id='word_1_148' title='bbox 51 2259 80 2299; x_wconf 80' lang='grc' dir='ltr'><strong><em>το</em></strong></span> <span class='ocrx_word' id='word_1_149' title='bbox 95 2231 150 2300; x_wconf 82' lang='grc' dir='ltr'><strong><em>καὶ</em></strong></span> <span class='ocrx_word' id='word_1_150' title='bbox 176 2225 294 2318; x_wconf 74' lang='grc' dir='ltr'><strong><em>άγοῖνα</em></strong></span> <span class='ocrx_word' id='word_1_151' title='bbox 313 2233 456 2302; x_wconf 76' lang='grc' dir='ltr'><strong><em>ἐκπέλει</em></strong></span> <span class='ocrx_word' id='word_1_152' title='bbox 481 2233 649 2321; x_wconf 87' lang='grc' dir='ltr'><strong><em>γυμνικόν</em></strong></span> <span class='ocrx_word' id='word_1_153' title='bbox 666 2261 701 2302; x_wconf 89' lang='grc' dir='ltr'><strong><em>τε</em></strong></span> <span class='ocrx_word' id='word_1_154' title='bbox 723 2235 780 2302; x_wconf 80' lang='grc' dir='ltr'><strong><em>καὶ</em></strong></span> <span class='ocrx_word' id='word_1_155' title='bbox 798 2234 972 2322; x_wconf 89' lang='grc' dir='ltr'><strong><em>μουσικόν,</em></strong></span> <span class='ocrx_word' id='word_1_156' title='bbox 999 2235 1058 2303; x_wconf 85' lang='grc' dir='ltr'><strong><em>καὶ</em></strong></span> 
     </span>
     <span class='ocr_line' id='line_1_22' title="bbox 94 2331 1058 2424; baseline 0.004 -23"><span class='ocrx_word' id='word_1_157' title='bbox 94 2331 189 2402; x_wconf 89' lang='grc' dir='ltr'><strong><em>πότοι</em></strong></span> <span class='ocrx_word' id='word_1_158' title='bbox 216 2331 311 2424; x_wconf 75' lang='grc' dir='ltr'><strong><em>αύτῷ</em></strong></span> <span class='ocrx_word' id='word_1_159' title='bbox 341 2337 516 2419; x_wconf 83' lang='grc' dir='ltr'><strong><em>ἐγίγνοντο</em></strong></span> <span class='ocrx_word' id='word_1_160' title='bbox 542 2335 633 2423; x_wconf 84' lang='grc' dir='ltr'><strong><em>παρά</em></strong></span> <span class='ocrx_word' id='word_1_161' title='bbox 659 2349 729 2415; x_wconf 82' lang='grc' dir='ltr'><strong><em>τοῖς</em></strong></span> <span class='ocrx_word' id='word_1_162' title='bbox 749 2337 900 2421; x_wconf 85' lang='grc' dir='ltr'><strong><em>ἑταίροις.</em></strong></span> <span class='ocrx_word' id='word_1_163' title='bbox 944 2335 1002 2404; x_wconf 84' lang='grc' dir='ltr'><strong><em>καὶ</em></strong></span> <span class='ocrx_word' id='word_1_164' title='bbox 1021 2338 1058 2405; x_wconf 85' lang='grc' dir='ltr'><strong><em>έν</em></strong></span> 
     </span>
     <span class='ocr_line' id='line_1_23' title="bbox 93 2425 1058 2525; baseline 0.002 -23"><span class='ocrx_word' id='word_1_165' title='bbox 93 2432 202 2525; x_wconf 78' lang='grc' dir='ltr'><strong><em>τούτῳ</em></strong></span> <span class='ocrx_word' id='word_1_166' title='bbox 217 2433 422 2520; x_wconf 85' lang='grc' dir='ltr'><strong><em>Ἡφαιστίων</em></strong></span> <span class='ocrx_word' id='word_1_167' title='bbox 441 2441 541 2523; x_wconf 82' lang='grc' dir='ltr'><strong><em>ἔκαμε</em></strong></span> <span class='ocrx_word' id='word_1_168' title='bbox 558 2435 597 2504; x_wconf 85' lang='grc' dir='ltr'><strong><em>τό</em></strong></span> <span class='ocrx_word' id='word_1_169' title='bbox 617 2440 727 2522; x_wconf 75' lang='grc' dir='ltr'><strong><em>σῶμα</em></strong></span> <span class='ocrx_word' id='word_1_170' title='bbox 758 2425 882 2524; x_wconf 77' lang='grc' dir='ltr'><strong><em>ἑβδόμη</em></strong></span> <span class='ocrx_word' id='word_1_171' title='bbox 899 2461 936 2504; x_wconf 89' lang='grc' dir='ltr'><strong><em>τε</em></strong></span> <span class='ocrx_word' id='word_1_172' title='bbox 952 2435 1058 2524; x_wconf 81' lang='grc' dir='ltr'><strong><em>ἡμέρα</em></strong></span> 
     </span>
     <span class='ocr_line' id='line_1_24' title="bbox 94 2525 1059 2625; baseline 0.002 -22"><span class='ocrx_word' id='word_1_173' title='bbox 94 2533 158 2621; x_wconf 76' lang='grc' dir='ltr'><strong><em>ἤδη</em></strong></span> <span class='ocrx_word' id='word_1_174' title='bbox 184 2525 228 2620; x_wconf 82' lang='grc' dir='ltr'><strong><em>ἦν</em></strong></span> <span class='ocrx_word' id='word_1_175' title='bbox 246 2532 340 2625; x_wconf 75' lang='grc' dir='ltr'><strong><em>αύτῷ</em></strong></span> <span class='ocrx_word' id='word_1_176' title='bbox 357 2539 417 2621; x_wconf 82' lang='grc' dir='ltr'><strong><em>της</em></strong></span> <span class='ocrx_word' id='word_1_177' title='bbox 434 2535 539 2604; x_wconf 93' lang='grc' dir='ltr'><strong><em>νόσου</em></strong></span> <span class='ocrx_word' id='word_1_178' title='bbox 558 2536 613 2603; x_wconf 80' lang='grc' dir='ltr'><strong><em>καλ</em></strong></span> <span class='ocrx_word' id='word_1_179' title='bbox 631 2544 768 2622; x_wconf 87' lang='grc' dir='ltr'><strong><em>λέγουσι</em></strong></span> <span class='ocrx_word' id='word_1_180' title='bbox 784 2536 822 2604; x_wconf 86' lang='grc' dir='ltr'><strong><em>τό</em></strong></span> <span class='ocrx_word' id='word_1_181' title='bbox 840 2536 903 2624; x_wconf 73' lang='grc' dir='ltr'><strong><em>μὲν</em></strong></span> <span class='ocrx_word' id='word_1_182' title='bbox 922 2537 1059 2605; x_wconf 80' lang='grc' dir='ltr'><strong><em>στάδιον</em></strong></span> 
     </span>
     <span class='ocr_line' id='line_1_25' title="bbox 96 2629 1059 2755; baseline 0.003 -53"><span class='ocrx_word' id='word_1_183' title='bbox 96 2638 218 2722; x_wconf 80' lang='grc' dir='ltr'><strong><em>πλῆρες</em></strong></span> <span class='ocrx_word' id='word_1_184' title='bbox 237 2632 340 2702; x_wconf 82' lang='grc' dir='ltr'><strong><em>εἶναι·</em></strong></span> <span class='ocrx_word' id='word_1_185' title='bbox 368 2640 502 2704; x_wconf 80' lang='grc' dir='ltr'><strong><em>παίδων</em></strong></span> <span class='ocrx_word' id='word_1_186' title='bbox 518 2634 585 2722; x_wconf 88' lang='grc' dir='ltr'><strong><em>γάρ</em></strong></span> <span class='ocrx_word' id='word_1_187' title='bbox 599 2635 694 2721; x_wconf 77' lang='grc' dir='ltr'><strong><em>ἄγων</em></strong></span> <span class='ocrx_word' id='word_1_188' title='bbox 711 2629 755 2722; x_wconf 77' lang='grc' dir='ltr'><strong><em>ἦν</em></strong></span> <span class='ocrx_word' id='word_1_189' title='bbox 771 2639 882 2725; x_wconf 79' lang='grc' dir='ltr'><strong><em>ἐκείνη</em></strong></span> <span class='ocrx_word' id='word_1_190' title='bbox 896 2642 938 2724; x_wconf 78' lang='grc' dir='ltr'><strong><em>τῇ</em></strong></span> <span class='ocrx_word' id='word_1_191' title='bbox 952 2635 1059 2755; x_wconf 75' lang='grc' dir='ltr'><strong><em>ἡμέρη</em></strong></span> 
     </span>
     <span class='ocr_line' id='line_1_26' title="bbox 55 2733 1060 2828; baseline 0.001 -24"><span class='ocrx_word' id='word_1_192' title='bbox 55 2763 83 2804; x_wconf 81' lang='lat'><strong><em>25</em></strong></span> <span class='ocrx_word' id='word_1_193' title='bbox 97 2733 272 2823; x_wconf 85' lang='grc' dir='ltr'><strong><em>γυμνικός·</em></strong></span> <span class='ocrx_word' id='word_1_194' title='bbox 301 2737 373 2803; x_wconf 80' lang='grc' dir='ltr'><strong><em>ἐπεὶ</em></strong></span> <span class='ocrx_word' id='word_1_195' title='bbox 387 2733 425 2802; x_wconf 75' lang='grc' dir='ltr'><strong><em>δὲ</em></strong></span> <span class='ocrx_word' id='word_1_196' title='bbox 440 2736 652 2822; x_wconf 78' lang='grc' dir='ltr'><strong><em>ἐξηγγέλλετο</em></strong></span> <span class='ocrx_word' id='word_1_197' title='bbox 662 2734 905 2828; x_wconf 78' lang='grc' dir='ltr'><strong><em>Ἀλεξάνδρω”</em></strong></span> <span class='ocrx_word' id='word_1_198' title='bbox 886 2761 936 2804; x_wconf 89' lang='grc' dir='ltr'><strong><em>οτι</em></strong></span> <span class='ocrx_word' id='word_1_199' title='bbox 949 2741 1060 2817; x_wconf 77' lang='grc' dir='ltr'><strong><em>κακῶς</em></strong></span> 
     </span>
     <span class='ocr_line' id='line_1_27' title="bbox 99 2828 1058 2976; baseline 0 -71"><span class='ocrx_word' id='word_1_200' title='bbox 99 2842 162 2922; x_wconf 80' lang='grc' dir='ltr'><strong><em>ἔχει</em></strong></span> <span class='ocrx_word' id='word_1_201' title='bbox 171 2828 423 2927; x_wconf 80' lang='grc' dir='ltr'><strong><em>Ἡφαιστίων,</em></strong></span> <span class='ocrx_word' id='word_1_202' title='bbox 407 2861 425 2903; x_wconf 94' lang='grc' dir='ltr'><strong><em>ο</em></strong></span> <span class='ocrx_word' id='word_1_203' title='bbox 444 2835 482 2906; x_wconf 70' lang='grc' dir='ltr'><strong><em>δέ</em></strong></span> <span class='ocrx_word' id='word_1_204' title='bbox 500 2835 681 2924; x_wconf 79' lang='grc' dir='ltr'><strong><em>παρελθόν</em></strong></span> <span class='ocrx_word' id='word_1_205' title='bbox 698 2836 783 2927; x_wconf 83' lang='grc' dir='ltr'><strong><em>πρὸς</em></strong></span> <span class='ocrx_word' id='word_1_206' title='bbox 801 2835 906 2905; x_wconf 88' lang='grc' dir='ltr'><strong><em>αύτὸν</em></strong></span> <span class='ocrx_word' id='word_1_207' title='bbox 925 2841 1058 2976; x_wconf 82' lang='grc' dir='ltr'><strong><em>σπουθη</em></strong></span> 
     </span>
     <span class='ocr_line' id='line_1_28' title="bbox 99 2933 560 3024; baseline 0.002 -20"><span class='ocrx_word' id='word_1_208' title='bbox 99 2933 211 3005; x_wconf 80' lang='grc' dir='ltr'><strong><em>οὐκέτι</em></strong></span> <span class='ocrx_word' id='word_1_209' title='bbox 237 2941 343 3018; x_wconf 73' lang='grc' dir='ltr'><strong><em>ξωντα</em></strong></span> <span class='ocrx_word' id='word_1_210' title='bbox 369 2937 560 3024; x_wconf 79' lang='grc' dir='ltr'><strong><em>κατέλαβεν.</em></strong></span> 
     </span>
     <span class='ocr_line' id='line_1_29' title="bbox 162 3032 1094 3126; baseline -0.005 -18.929"><span class='ocrx_word' id='word_1_211' title='bbox 162 3034 270 3107; x_wconf 80' lang='grc' dir='ltr'><strong><em>Ἔνθα</em></strong></span> <span class='ocrx_word' id='word_1_212' title='bbox 294 3036 336 3125; x_wconf 78' lang='grc' dir='ltr'><strong><em>θη</em></strong></span> <span class='ocrx_word' id='word_1_213' title='bbox 355 3036 450 3108; x_wconf 88' lang='grc' dir='ltr'><strong><em>άλλοι</em></strong></span> <span class='ocrx_word' id='word_1_214' title='bbox 467 3037 554 3107; x_wconf 87' lang='grc' dir='ltr'><strong><em>άλλα</em></strong></span> <span class='ocrx_word' id='word_1_215' title='bbox 572 3036 770 3126; x_wconf 81' lang='grc' dir='ltr'><strong><em>ἀνέγραψαν</em></strong></span> <span class='ocrx_word' id='word_1_216' title='bbox 786 3032 875 3125; x_wconf 73' lang='grc' dir='ltr'><strong><em>ὑπὲρ</em></strong></span> <span class='ocrx_word' id='word_1_217' title='bbox 894 3039 955 3107; x_wconf 82' lang='grc' dir='ltr'><strong><em>τοῦ</em></strong></span> <span class='ocrx_word' id='word_1_218' title='bbox 975 3039 1058 3107; x_wconf 85' lang='grc' dir='ltr'><strong><em>πίν-</em></strong></span> <span class='ocrx_word' id='word_1_219' title='bbox 1076 3053 1094 3102; x_wconf 75' lang='lat'>2</span> 
     </span>
     <span class='ocr_line' id='line_1_30' title="bbox 97 3135 1058 3232; baseline 0 -24"><span class='ocrx_word' id='word_1_220' title='bbox 97 3150 181 3217; x_wconf 88' lang='grc' dir='ltr'><strong><em>θους</em></strong></span> <span class='ocrx_word' id='word_1_221' title='bbox 198 3164 258 3206; x_wconf 89' lang='grc' dir='ltr'><strong><em>του</em></strong></span> <span class='ocrx_word' id='word_1_222' title='bbox 245 3135 509 3225; x_wconf 81' lang='grc' dir='ltr'><strong><em>Ἀλεξάνδρου·</em></strong></span> <span class='ocrx_word' id='word_1_223' title='bbox 536 3139 592 3206; x_wconf 82' lang='grc' dir='ltr'><strong><em>καὶ</em></strong></span> <span class='ocrx_word' id='word_1_224' title='bbox 611 3140 696 3225; x_wconf 83' lang='grc' dir='ltr'><strong><em>μέγα</em></strong></span> <span class='ocrx_word' id='word_1_225' title='bbox 713 3139 776 3227; x_wconf 74' lang='grc' dir='ltr'><strong><em>μὲν</em></strong></span> <span class='ocrx_word' id='word_1_226' title='bbox 793 3140 951 3226; x_wconf 86' lang='grc' dir='ltr'><strong><em>γενέσθαι</em></strong></span> <span class='ocrx_word' id='word_1_227' title='bbox 965 3137 1058 3232; x_wconf 79' lang='grc' dir='ltr'><strong><em>αύτῷ</em></strong></span> 
     </span>
     <span class='ocr_line' id='line_1_31' title="bbox 57 3235 1058 3327; baseline -0.001 -18"><span class='ocrx_word' id='word_1_228' title='bbox 57 3240 133 3309; x_wconf 79' lang='grc' dir='ltr'><strong><em>οοτό</em></strong></span> <span class='ocrx_word' id='word_1_229' title='bbox 149 3239 301 3326; x_wconf 76' lang='grc' dir='ltr'><strong><em>πένθος,</em></strong></span> <span class='ocrx_word' id='word_1_230' title='bbox 327 3240 449 3320; x_wconf 81' lang='grc' dir='ltr'><strong><em>πάντες</em></strong></span> <span class='ocrx_word' id='word_1_231' title='bbox 475 3243 575 3310; x_wconf 82' lang='grc' dir='ltr'><strong><em>τοῦτο</em></strong></span> <span class='ocrx_word' id='word_1_232' title='bbox 602 3235 812 3327; x_wconf 80' lang='grc' dir='ltr'><strong><em>άνέγραψαν,</em></strong></span> <span class='ocrx_word' id='word_1_233' title='bbox 837 3242 878 3308; x_wconf 84' lang='grc' dir='ltr'><strong><em>τά</em></strong></span> <span class='ocrx_word' id='word_1_234' title='bbox 904 3240 942 3310; x_wconf 75' lang='grc' dir='ltr'><strong><em>δέ</em></strong></span> <span class='ocrx_word' id='word_1_235' title='bbox 971 3267 1058 3326; x_wconf 90' lang='grc' dir='ltr'><strong><em>πρα-</em></strong></span> 
     </span>
     <span class='ocr_line' id='line_1_32' title="bbox 98 3336 1061 3434; baseline 0 -25"><span class='ocrx_word' id='word_1_236' title='bbox 98 3339 220 3426; x_wconf 82' lang='grc' dir='ltr'><strong><em>χθέντα</em></strong></span> <span class='ocrx_word' id='word_1_237' title='bbox 247 3340 298 3409; x_wconf 81' lang='grc' dir='ltr'><strong><em>ἐπ’</em></strong></span> <span class='ocrx_word' id='word_1_238' title='bbox 319 3339 413 3434; x_wconf 78' lang='grc' dir='ltr'><strong><em>αύτῷ</em></strong></span> <span class='ocrx_word' id='word_1_239' title='bbox 432 3339 526 3410; x_wconf 81' lang='grc' dir='ltr'><strong><em>άλλοι</em></strong></span> <span class='ocrx_word' id='word_1_240' title='bbox 543 3339 640 3434; x_wconf 80' lang='grc' dir='ltr'><strong><em>ἄλλα,</em></strong></span> <span class='ocrx_word' id='word_1_241' title='bbox 669 3339 712 3421; x_wconf 74' lang='grc' dir='ltr'><strong><em>ὡς</em></strong></span> <span class='ocrx_word' id='word_1_242' title='bbox 730 3344 867 3421; x_wconf 73' lang='grc' dir='ltr'><strong><em>ἕκαστος</em></strong></span> <span class='ocrx_word' id='word_1_243' title='bbox 884 3337 905 3428; x_wconf 79' lang='grc' dir='ltr'>ἢ</span> <span class='ocrx_word' id='word_1_244' title='bbox 923 3336 1061 3421; x_wconf 87' lang='grc' dir='ltr'><strong><em>εύνοίας</em></strong></span> 
     </span>
     <span class='ocr_line' id='line_1_33' title="bbox 99 3434 1060 3531; baseline 0.003 -24"><span class='ocrx_word' id='word_1_245' title='bbox 99 3439 181 3529; x_wconf 85' lang='grc' dir='ltr'><strong><em>πρός</em></strong></span> <span class='ocrx_word' id='word_1_246' title='bbox 195 3434 424 3529; x_wconf 80' lang='grc' dir='ltr'><strong><em>Ἡφαιστίωνα</em></strong></span> <span class='ocrx_word' id='word_1_247' title='bbox 441 3438 462 3531; x_wconf 82' lang='grc' dir='ltr'><strong><em>ἣ</em></strong></span> <span class='ocrx_word' id='word_1_248' title='bbox 480 3443 617 3531; x_wconf 89' lang='grc' dir='ltr'><strong><em>φθόνου</em></strong></span> <span class='ocrx_word' id='word_1_249' title='bbox 635 3441 724 3530; x_wconf 76' lang='grc' dir='ltr'><strong><em>εἶχεν</em></strong></span> <span class='ocrx_word' id='word_1_250' title='bbox 740 3440 763 3530; x_wconf 78' lang='grc' dir='ltr'><em>ἢ</em></span> <span class='ocrx_word' id='word_1_251' title='bbox 781 3443 837 3511; x_wconf 78' lang='grc' dir='ltr'><strong><em>καὶ</em></strong></span> <span class='ocrx_word' id='word_1_252' title='bbox 854 3442 939 3531; x_wconf 84' lang='grc' dir='ltr'><strong><em>πρὸς</em></strong></span> <span class='ocrx_word' id='word_1_253' title='bbox 953 3440 1060 3510; x_wconf 87' lang='grc' dir='ltr'><strong><em>αύτὸν</em></strong></span> 
     </span>
    </p>
   </div>
   <div class='ocr_carea' id='block_1_3' title="bbox 0 0 1296 3920">
    <p class='ocr_par' dir='ltr' id='par_1_3' title="bbox 0 0 1296 3920">
     <span class='ocr_line' id='line_1_34' title="bbox 0 0 1296 3920; baseline 0 0"><span class='ocrx_word' id='word_1_254' title='bbox 0 0 1296 3920; x_wconf 95' lang='lat' dir='ltr'><strong><em> </em></strong></span> 
     </span>
    </p>
   </div>
  </div>
 </body>
</html>
