2620 3924
469 142 654 194 εααοαεοε
671 146 702 206 ε,
722 143 762 194 ιο.
1033 111 1094 204 119

130 282 248 354 αὐτόν
271 279 380 351 αότοῦ
400 279 488 370 ἀμφὶ
512 297 584 362 τοῖς
611 283 832 372 σκευοφόροις
849 283 1093 370 ξυνεχομένους

130 385 346 454 ἀπέκτειναν·
374 388 410 451 οί
424 381 463 452 δὲ
480 381 839 470 αότῶν,ἐχκλίναντες
864 390 1019 472 ἔφευγον.
1061 388 1097 453 οἱ

132 485 171 555 δὲ
199 486 255 556 ἐπὶ
281 487 343 554 τοῦ
370 484 479 564 δεξιοῦ
507 486 613 572 κέρως
639 487 709 553 τῶν
734 488 896 573 Περσων,
923 483 1019 554 οόπω
1035 487 1094 571 τῆς

132 588 245 674 φυγῆς
262 588 322 674 τῆς
341 592 491 673 Δαρείου
509 583 715 674 ᾐσθημένοι,
736 585 1037 676 περιϊππεύσαντες
1055 589 1093 654 τὸ

105 685 352 775 εἈλεξάνδρον
367 684 545 773 εάάννμον
558 687 643 756 κατά
657 688 757 776 κέρας
770 703 842 769 τοῖς
856 686 944 776 ἀμφὶ
956 697 1094 775 Παρμε-

131 797 241 864 νίωνα
261 790 452 876 ἐνέβαλλον

209 890 278 958 Καὶ
297 891 335 958 ἐν
348 888 460 980 τοότφ
473 886 673 978 ἀμφιβόλων
689 889 730 957 τά
749 891 865 977 πρῶτα
883 890 1093 978 μιγνυμένων
1105 895 1146 960 15

132 991 203 1057 τῶν
212 988 426 1059 Μακεδόνων
435 991 555 1099 πέμπει
565 997 770 1079 Παρμενίων
784 1016 852 1080 παρ
850 989 1095 1080 ”Αλέξανδρον

134 1093 269 1179 σπουδη
284 1061 533 1177 ἀμμελοόντα”
515 1117 566 1160 οτι
585 1090 661 1160 ἐν’
641 1094 748 1177 αγῶνι
766 1089 989 1180 ξυνέχεται
953 1119 991 1163 το
1010 1090 1094 1160 κατά

96 1222 121 1262 ιο
134 1196 223 1278 σφάς
241 1193 298 1260 καὶ
311 1199 452 1280 βοηθεῖν
465 1196 526 1260 δεῖ.
557 1217 665 1262 ταντα
679 1219 724 1271 ως
739 1190 923 1280 ἐξηγγέλθη
939 1192 1091 1272 Ἀλεξάν-

134 1299 224 1384 δρῳ,
247 1295 309 1360 τοῦ
335 1291 398 1379 μὲν
423 1291 556 1361 διάκειν
575 1291 659 1362 ἐπ’
639 1293 867 1382 απετράπετο,
895 1296 1096 1382 ἐπιστρέψας

135 1394 173 1463 δὲ
192 1392 258 1462 σόν
275 1396 317 1480 τῇ
338 1398 432 1484 ἵππῳ
448 1395 518 1462 των
537 1396 681 1483 ἑταίρων
701 1393 746 1474 ἀς
770 1395 825 1464 ἐπὶ
842 1394 881 1462 τδ
900 1393 1009 1473 δεξιὸν
1026 1396 1095 1462 τῶν

134 1495 318 1584 βαρβάρων
331 1485 391 1581 ἦγε
404 1493 529 1586 δρόμῳ.
561 1497 619 1564 καὶ
633 1497 751 1584 πρῶτα
763 1494 826 1582 μὲν
839 1511 911 1575 τοῖς
929 1495 1096 1583 φεύγουσι

134 1601 203 1665 τῶν
222 1601 393 1682 πολεμίων
412 1600 564 1682 ἱππεῦσι,
581 1610 654 1675 τοῖς
670 1622 707 1666 τε
721 1603 888 1686 Παρθυαί
886 1623 935 1676 οις
873 1598 1009 1666 ίκαδ
1026 1601 1096 1664 τῶν

97 1724 122 1766 ιο
131 1694 250 1767 Ἰνδῶν
269 1691 410 1764 ἐστιν’
373 1721 425 1776 οις
438 1697 496 1768 καὶ
510 1698 657 1786 Πέρσαις
675 1711 746 1778 τοῖς
760 1705 926 1777 πλείστοις
940 1699 997 1766 καὶ
1010 1724 1095 1785 κρα

124 1806 259 1898 νόστοις
278 1797 441 1885 ἐμβάλλει.
477 1800 570 1866 καλί
555 1803 743 1885 ἱππομαχία
760 1795 846 1886 αὕτη
864 1798 1131 1922 καρτερωτάτη2

135 1902 197 1968 τοῦ
217 1897 343 1978 παντὸς
359 1904 460 1987 ἔργον
477 1899 628 1986 ξυνέστη.
658 1892 692 1978 ἐς
705 1899 813 1987 βάθος
831 1925 866 1966 τε
884 1899 998 1987 χάρ,ο
981 1894 1036 1968 οἷα
1054 1899 1096 1986 δὴ

138 1999 258 2126 ίληδόν
267 2001 474 2088 τεταγμένοι,
487 1999 695 2086 ἀνέστρεφον
709 2025 727 2068 ο
731 1999 919 2088 ίβάρβαροι
932 1999 1022 2069 καὶ’
1003 2027 1098 2068 αντι-

136 2103 284 2189 μέτωποι
304 2114 376 2180 τοῖς
404 2098 478 2188 ἀμφ
476 2098 732 2190 ’,Ἀλέξανδρον
762 2099 987 2188 ξυμπεσόντες
1021 2099 1099 2170 οὔτε

97 2229 124 2270 το
137 2201 327 2292 ἀκοντισμῷ
360 2206 407 2270 ότι
436 2198 504 2270 οὔτ’
539 2202 721 2289 ἐξελιγμοῖς
751 2203 821 2270 τῶν
851 2207 984 2290 ἵππων,
1015 2199 1099 2291 ἥπερ

140 2309 347 2392 ἱππομαχίας
365 2307 456 2390 δίκη,
476 2304 634 2390 ἐχρῶντο,
655 2301 741 2372 ἀλλά
760 2307 951 2378 διεκπαῖσαι
967 2306 1032 2382 πᾶς
1049 2329 1099 2383 τις

137 2407 175 2472 τὸ
194 2401 274 2472 καθ’
295 2402 421 2491 αὐτόν,
448 2403 494 2484 οδς
516 2403 625 2492 μόνην
648 2404 776 2492 ταύτην
794 2412 963 2494 σωτηρίαν
981 2412 1099 2492 σφίσιν

55 2569 58 2576 .
139 2497 248 2574 οὖσαν
267 2505 493 2593 ἐπειγόμενοι,
512 2504 656 2593 ἔκοπτόν
672 2531 708 2574 τε
725 2507 783 2574 καὶ
802 2505 983 2576 ἐκόπτοντο
1000 2504 1098 2592 ἀφει-

140 2610 226 2693 δῶς,
257 2601 313 2674 οἷα
336 2606 378 2693 δὴ
403 2605 466 2694 οόχ
489 2604 578 2694 όπδρ
603 2613 701 2694 νίκης
724 2605 904 2696 ἀλλοτρίας
931 2613 997 2693 ἐτι,
1028 2605 1097 2674 ἀλλ’

99 2707 229 2796 εεόπδρ
254 2714 420 2795 σωτηρίας
444 2713 571 2786 οἰκείας
590 2706 833 2794 ἀγωνιζόμενοι.
873 2709 930 2776 καὶ
950 2710 1101 2777 ἐνταῦθα

139 2816 301 2880 πίπτουσι
318 2807 381 2896 μὲν
398 2808 487 2896 ἀμφὶ
507 2807 665 2895 ἑξήκοντα
681 2811 751 2874 τῶν
770 2809 912 2896 ἑταίρων
929 2811 991 2876 τοῦ
1006 2805 1102 2876 Ἀλε-

140 2909 307 2997 ξάνδρου,
329 2911 387 2977 καὶ
410 2907 624 2998 πιπράσκεται
643 2907 850 2996 Ἡφαιστίων
868 2934 904 2976 τε
922 2906 1026 2988 αότδς
1043 2910 1102 2978 καὶ

142 3019 267 3088 Κοῖνος
298 3011 355 3078 καὶ
388 3015 556 3090 Μενίδας·
593 3008 663 3078 ἀλλ’
697 3009 857 3098 ἐκράτησε
886 3009 944 3076 καλ
970 3008 1102 3078 τούτων

139 3110 366 3200 Ἀλέξανδρος.

102 3238 135 3296 ω,
218 3215 287 3282 Καὶ
311 3211 444 3281 τοότων
467 3211 531 3298 μὲν
555 3208 627 3282 ὅσοι
650 3209 839 3290 διεξέπεσον
860 3208 917 3279 ,διά
934 3213 1003 3279 τῶν
1021 3209 1100 3300 ἀμφ’
1120 3222 1137 3271 3

139 3309 361 3404 Ἀλέξανδρον
386 3318 533 3400 ἔφευγον
556 3310 622 3380 ἀνά
648 3311 787 3402 κράτος·
823 3309 1042 3402 Ἀλέξανδρος
1065 3312 1103 3382 δὲ

144 3414 248 3501 ἐμμδς
265 3406 308 3502 ἦν
325 3413 506 3505 προσμῖξαι
522 3411 583 3502 ἤδη
601 3419 648 3504 τῷ
672 3413 768 3506 δεξιῷ
787 3413 899 3501 κέρατι
915 3416 985 3482 τῶν
1002 3420 1104 3483 πολε·
