2620 3924
203 162 243 227 78
554 157 805 219 εεεπεειιεοε

203 308 369 392 Κυπρίαιν
400 309 548 389 βασιλεῖς
572 302 630 369 καὶ
654 298 752 369 αάτολ
776 298 1028 389 Αὐτοφραδάτῃ
1059 300 1159 380 ξυνέ-
1283 341 1284 344 =

167 415 184 464 8
203 411 313 471 πλεον.
355 401 519 490 Στράτων
543 401 581 470 δέ
603 399 811 490 Ἀλεξάνδρῳ
831 402 980 486 ἐντυχών
999 414 1162 487 στεφανοῖ
1284 438 1285 456 1

201 505 317 592 χρυσῷ
341 503 499 593 στεφάνῳ
522 501 647 588 αὐτόν,
678 502 736 568 καὶ
760 501 821 588 τήν
844 499 1040 589 ιε”Αραδον
1065 498 1158 590 αὐτῷ

201 603 263 691 τὴν
292 605 398 689 νῆσον
426 603 569 689 καλιὴν
593 602 766 695 Μάραθον
788 601 850 688 τὴν
872 599 1074 689 καταντικρὺ
1100 603 1159 688 τῇς

197 703 343 792 ’Λράδου
371 706 408 772 ἐν
431 705 473 791 τῇ
497 700 627 792 ἠπείρῳ
652 701 839 792 ᾠκισμένην
862 701 979 788 πόλιν,
1009 693 1159 788 μεγάλην
1183 731 1199 772 s

201 805 259 872 καὶ
277 801 481 890 εὐδαίμονα,
507 803 564 870 καὶ
583 806 721 887 Σιγῶνα
743 803 800 869 καλ
825 801 1035 890 Μαριάμμην
1060 801 1159 869 πόλιν

201 905 258 972 καλ
276 894 381 971 τάλλα
399 901 462 971 ὅσα
479 905 539 987 τῆς
557 905 655 990 σφῶν
674 905 883 990 ἐπικρατείας
903 904 1089 972 ἐνδίδωσιν.

152 1011 194 1072 14
265 1000 338 1074 Ἔτι
355 1002 393 1072 δὲ
412 1005 449 1071 ἐν
462 1003 623 1092 Μαράθῳ
636 1001 858 1090 Ἀλεξάνδρου
877 1000 975 1081 ὄντος
993 1001 1158 1088 ἀφίκοντο

201 1105 291 1191 παρά
316 1110 466 1192 Δαρείου
497 1105 669 1191 πρέσβεις,
704 1103 881 1188 ἐπιστολήν
910 1128 945 1170 τε
969 1109 1158 1190 κομιζοντες

202 1211 352 1292 Δαρείου
369 1204 427 1271 καὶ
445 1197 544 1271 αὐτοὶ
562 1201 630 1270 ἀπὸ
648 1201 801 1290 γλώσσης
814 1202 1009 1290 δεησόμενοι
1021 1201 1158 1288 ἀφεῖναι
1170 1233 1196 1272 ιο

201 1309 337 1394 Δαρείῳ
351 1306 412 1391 τὴν
425 1305 550 1391 μητέρα
563 1304 620 1372 καὶ
634 1303 695 1390 τὴν
708 1319 856 1389 γυναῖκα
863 1303 921 1372 καὶ
930 1303 1012 1382 τοάς
1022 1307 1154 1380 παῖδας.

166 1414 182 1462 2
203 1404 323 1490 ἐδήλου
341 1403 417 1490 δέἡ
436 1403 609 1489 ἐπιστολή,
634 1401 684 1470 ὅτι
703 1411 860 1494 Φιλίππῳ
877 1429 914 1471 τε
930 1403 1017 1492 πρὸς
1037 1401 1156 1490 Ἀρπα-

200 1505 317 1592 ξέρξην
347 1510 443 1590 φιλία
472 1505 529 1571 καὶ
561 1510 732 1590 συμμαχία
764 1505 909 1590 ἐγένετο.
955 1504 1013 1572 καὶ
1045 1502 1156 1588 ἐπειδὴ

189 1602 315 1692 ’Ἇρσης
332 1602 351 1670 ὁ
369 1602 447 1682 υίὸς
467 1602 684 1692 Ἀρταξέρξου
704 1607 938 1691 ἐβασίλευσεν,
962 1601 1013 1672 ὅτι
1031 1610 1155 1674 Φίλιπ-

199 1727 261 1783 πος
284 1703 415 1783 ἀδικίας
439 1706 571 1791 πρῶτος
590 1705 624 1782 ἐς
640 1705 778 1790 βασιλέα
789 1704 918 1792 ’Ἄρσην
934 1694 1032 1792 ἧρξεν
1052 1702 1155 1771 οὐδὲν
1168 1732 1195 1772 ιι

199 1802 298 1893 ἀχαρι
316 1807 353 1872 ἐκ
364 1807 513 1891 ιΠερσῶν
531 1803 663 1873 παδάν.
704 1805 737 1884 ἐξ
756 1793 797 1872 οὗ
812 1803 850 1873 δέ
867 1803 970 1883 αὐτὸς
987 1803 1156 1892 βασιλεύει

199 1907 361 1994 Περσῶν,
386 1902 463 1973 οὔτε
481 1906 608 1992 πέμψαι
624 1903 698 1972 τινά
714 1903 934 1993 Ἀλέξανδρον
952 1903 1026 1993 παρ’
1047 1903 1154 1972 αὐτὸν

200 2009 233 2084 ἐς
251 2007 506 2094 βεβαίωσνντῆς
524 2004 627 2072 πάλαι
644 2002 746 2092 ου”σης
764 2013 878 2092 φιλίας
895 2031 931 2074 τε
947 2006 1005 2080 καὶ
1019 2023 1153 2092 συμμα-

198 2112 291 2190 χίας,
323 2106 481 2192 διαβῆναί
505 2128 542 2171 τε
565 2103 629 2183 ξάν
648 2108 788 2194 στρατιᾷ
816 2109 849 2184 ἐς
872 2105 935 2191 τὴν
955 2103 1072 2174 Ἀσίαν
1095 2107 1153 2174 καὶ

164 2204 305 2272 δπολλά
342 2203 428 2272 κακά
465 2202 672 2291 ἐργάσασθαι
702 2207 846 2293 Πέρσας.
894 2205 1017 2274 τούτου
1054 2208 1192 2275 ἕνεκαεο

197 2307 380 2392 καταβῆναι
403 2301 507 2382 αάτδς
530 2305 573 2390 τῇ
598 2304 692 2394 χοίρῳ
715 2303 857 2391 ἀμυνῶν
880 2307 937 2373 καὶ
960 2306 1022 2392 τὴν
1045 2305 1153 2394 ἀρχὴν

161 2413 165 2420 ’
196 2405 259 2491 τὴν
272 2403 432 2496 πατρῴαν
445 2401 641 2472 ἀνασώσων.
672 2404 734 2491 τὴν
746 2405 810 2492 μὲν
824 2406 866 2492 δὴ
879 2405 990 2493 μάχην
1004 2403 1153 2485 δςδεῶν

196 2531 244 2596 τῳ
264 2501 500 2604 ἐδοξενῆοῧτιι
517 2506 683 2594 κριθῆναι·
711 2504 814 2585 αὐτὸς
832 2505 870 2574 δὲ·
886 2507 1043 2594 βασιλεύς
1061 2506 1152 2593 παρὰ

195 2607 358 2693 βασιλέως
381 2604 530 2691 γυναῖκά
553 2631 589 2673 τε
610 2603 672 2692 τὴν
695 2605 803 2675 αὑτοῦ
828 2614 937 2676 αίτεῑν
953 2609 1153 2694 καὶμητέρα

196 2707 253 2774 καὶ
276 2711 400 2786 παῖδας
423 2705 504 2784 τοδς
522 2702 679 2793 ἀλόντας,
696 2708 753 2775 καὶ
772 2715 889 2793 φιλίαν
908 2708 1036 2776 ἐθέλειν
1054 2707 1151 2794 ποιή-
1163 2734 1190 2775 ιι

113 2891 120 2908 .
196 2816 320 2875 σασδαι
342 2806 426 2896 πρὸς
447 2801 668 2894 Ἀλέξανδρον
686 2808 742 2876 καὶ
761 2805 932 2894 ξάμμαχος
949 2805 1036 2875 εἶναι
1057 2806 1151 2876 Ἀλε-

196 2906 346 2999 ξάνδρῳ·
373 2909 430 2978 καὶ
452 2906 542 2996 δπέρ
572 2906 703 2974 τούτων
721 2907 862 2992 πέμπειν
878 2907 974 2994 ἠξίου
995 2907 1151 2990 Ἁλέξαν-

195 3014 279 3097 δρον
297 3007 372 3097 παρ’
397 3007 506 3078 αδτδν
524 3007 587 3088 ξδν
604 3013 769 3096 Μενίσκῳ
788 3033 824 3076 τε
840 3010 897 3076 καὶ
916 3006 1058 3099 Ἀρσίμᾳ
1081 3023 1152 3088 τοῖς

194 3107 350 3192 ἀγγέλοις
385 3123 456 3186 τοῖς
488 3111 524 3176 ἐκ
553 3110 697 3195 Περσῶν
724 3103 844 3193 ἥκουσι
872 3109 954 3188 τούς
982 3109 1023 3176 τά
1052 3108 1151 3178 πιστά

195 3207 407 3292 ληψομένους
424 3206 534 3276 τεκαὶ
552 3205 639 3294 ὑπὲρ
654 3205 876 3297 Ἀλεξάνδρου
893 3208 1074 3289 δάσοντας.
1163 3235 1190 3280 ιο

164 3313 182 3361 4
275 3305 369 3394 Πρδς
392 3308 499 3374 ταῦτα
528 3303 724 3394 ἀντιγράφει
742 3307 960 3399 Ἀλέξανδρος
983 3312 1040 3378 καὶ
1066 3311 1151 3398 ξυμ-

198 3405 319 3496 πέμπει
354 3421 426 3486 τοϊς
463 3407 553 3496 παρὰ
584 3415 734 3496 Δαρείου
773 3412 911 3478 ἐλθοῦσι
946 3411 1151 3501 Θέρσιππον,
