2572 3920
195 160 238 228 56
551 159 805 246 εκεακακεον

198 307 263 389 δην
282 299 428 388 Ῥόδιον,
458 301 514 370 καί
536 300 706 390 τάραννον
736 297 978 386 ἐγκατέστησαν
1000 303 1042 388 τή
1066 296 1161 368 πόλει

198 403 379 488 Διογένην,
394 403 454 470 ἕνα
466 407 535 470 τῶν
548 401 728 488 φυγάδων·
747 397 946 488 χρήματάτε
960 401 1160 488 είσέπραξαν

198 501 277 582 τοός
286 507 541 589 Μιτυληναίους
553 499 594 568 τά
607 500 670 589 μὲν
682 506 742 590 βίᾳ
755 497 957 586 ἀφελόμενοι
968 498 1048 580 τούς
1063 505 1160 587 ἔχον-

199 629 270 690 τας,
287 602 328 671 τά
347 602 385 670 δὲ
403 604 436 681 ές
453 600 491 670 τό
510 599 628 670 κοινόν
647 599 868 687 ἐπιβαλόντες.

169 711 192 778 2
252 755 257 764 .
282 709 396 773 Ταῦτα
421 701 459 770 δέ
479 701 739 789 διαπραξάμενοι
759 699 971 787 Φαρνάβαζος
989 700 1051 788 μέν
1068 705 1161 770 έπλει
1184 723 1201 768 ⁵

201 804 257 874 έπί
269 809 399 882 Λυκίας
413 801 506 888 άγων
522 801 603 882 τούς
620 800 868 890 μισθοφόρους·
896 799 1161 888 Αὐτοφραδάτης

200 903 239 974 δὲ
257 904 311 972 ἐπὶ
328 901 388 984 τάς
407 902 511 982 ἄλλας
528 901 663 988 νήσους.
699 903 755 970 καί
779 903 816 970 ἐν
832 899 940 993 τούτφ
958 901 1163 990 καταπέμπει

201 1017 346 1094 Δαρεῖος
365 1003 556 1091 Θυμώνδαν
575 1001 635 1070 τόν
653 1001 844 1090 Μέντορος,
874 999 980 1070 αὐτόν
1002 1001 1065 1090 μὲν
1080 997 1162 1082 τούς

201 1107 318 1187 ξένους
341 1102 431 1192 παρὰ
451 1102 671 1191 Φαρναβάζου
692 1100 973 1192 παραληψόμενον
996 1103 1052 1170 καί
1075 1099 1162 1170 άνά-

201 1208 301 1288 ξοντα
318 1202 409 1294 παρά
427 1206 585 1291 βασιλέα,
606 1202 810 1295 Φαρναβάζῳ
829 1202 866 1271 δέ
885 1205 1027 1293 ε’ροῦντα
1045 1201 1161 1290 άρχειν
1174 1225 1203 1268 ιο

167 1305 293 1376 θόσων
322 1306 473 1393 Μέμνων
508 1296 600 1394 ἦρχε.
652 1304 710 1384 καί
744 1303 917 1392 παραδούς
946 1303 1054 1395 τοότφ
1082 1303 1162 1383 τούς

201 1407 319 1488 ξένους
345 1404 560 1494 Φαρνάβαζος
590 1409 681 1474 έπλει
711 1401 785 1492 παρ’
813 1401 1082 1493 Αὐτοφραδάτην
1105 1405 1162 1472 ἐπὶ

200 1505 261 1585 τάς
290 1510 386 1585 ναός.
429 1502 474 1585 οἱς
498 1505 536 1574 δέ
565 1502 651 1593 ὁμοό
681 1506 834 1590 ἐγένοντο
841 1556 851 1591 ,
883 1505 963 1574 δέκα
992 1505 1055 1594 μὲν
1077 1511 1163 1584 ναός

202 1609 397 1675 στέλλουσιν
434 1606 489 1674 ἐπὶ
526 1604 584 1685 τάς
622 1605 801 1685 Κυκλάδας
837 1605 963 1692 νήσους
1000 1605 1163 1695 Δατάμην

200 1705 310 1795 ἄνδρα
328 1707 466 1796 Πέρσην
489 1701 631 1792 άγοντα,
657 1703 754 1774 αὐτοί
777 1705 816 1774 δέ
832 1707 956 1774 ναυσίν
974 1705 1089 1776 ἑκατὸν
1107 1706 1161 1774 ε’πί
1174 1733 1203 1774 ιε

206 1806 353 1878 Τενέδου
380 1813 562 1876 ἔπλευσαν·
607 1807 906 1894 κατακομισθέντες
924 1807 962 1874 δὲ
978 1811 1047 1893 τής
1060 1807 1161 1876 Τενέ-

202 1913 264 1978 δου
296 1913 344 1988 είς
374 1905 432 1976 τόν
458 1905 598 1994 Βόρειον
621 1906 831 1995 καλούμενον
854 1908 971 1995 λιμένα
995 1908 1164 1994 πέμπουσι

202 2006 292 2096 παραὶ
316 2006 395 2086 τούς
419 2012 596 2086 Τενεδίους
619 2008 675 2076 καί
690 2007 873 2076 κελεύουσι
889 2007 947 2087 τάς
966 2007 1087 2095 στήλας
1104 2006 1163 2088 τάς

201 2107 288 2198 πρὸς
297 2105 518 2196 Ἀλέξανδρον
531 2108 585 2174 καὶ
599 2105 849 2194 τούςἝλληνας
862 2109 1043 2198 γενομένας
1058 2113 1163 2197 σφίσι,

202 2208 325 2288 ταύτας
351 2207 414 2296 μὲν
437 2215 613 2294 καθελεῖν,
643 2205 727 2294 πρός
751 2218 899 2296 Δαρείου
923 2208 961 2276 δέ
985 2209 1079 2294 άγειν
1100 2205 1207 2295 τήναν

167 2321 187 2373 8
204 2309 341 2397 εἰρήνην
353 2305 398 2395 ήν
409 2308 463 2376 έπί
473 2305 690 2376 Ἀνταλκίδου
700 2314 835 2400 Δαρείφ
844 2309 1038 2378 συνέθεντο.
1062 2319 1162 2378 Τενε-

204 2415 288 2490 δίοις
312 2408 351 2478 δὲ
372 2407 413 2477 τά
437 2407 499 2496 μὲν
523 2412 581 2494 τής
599 2405 734 2488 εὐνοίας
753 2410 785 2487 ές
805 2406 1027 2496 Ἀλέξανδρόν
1049 2436 1085 2478 τε
1107 2410 1164 2476 καὶ

202 2509 283 2590 τούς
305 2509 469 2595 Ἕλληνας
500 2510 603 2576 ἐποίει
631 2513 776 2594 μᾶλλον·
824 2510 860 2576 έν
893 2508 931 2576 δέ
952 2515 1000 2602 τῷ
1024 2508 1165 2598 παρόντι

202 2609 332 2698 ἄπορον
362 2607 472 2689 άλλως
498 2607 604 2678 ἐδόκει
628 2605 678 2676 ότι
700 2606 746 2696 μή
771 2608 1072 2698 προσχωρήσαντας
1094 2624 1164 2689 τοῖς

203 2711 349 2798 Πέρσαις
368 2708 542 2792 σώζεσθαι·
572 2709 643 2777 έπεί
661 2705 744 2796 οὐδὲ
756 2705 936 2801 Ἡγελόχῳ,
954 2709 1021 2802 ότφ
1039 2730 1159 2799 προσε-
1176 2733 1208 2776 τε

203 2813 338 2880 τέτακτο
355 2807 411 2878 ὐπ’
434 2805 655 2898 Ἀλεξάνδρου
678 2801 781 2890 αὐθις
798 2811 1002 2896 ξυναγαγεῖν
1019 2810 1166 2897 δύναμιν

203 2909 376 2998 ναυτικήν,
390 2910 535 2997 τοσαότη
549 2910 738 2997 ξυνηγμένη
751 2901 795 2996 ήν
809 2906 855 2990 ὥς
868 2909 908 2978 δι’
923 2907 1042 2998 ὀλίγον
1056 2932 1168 3001 προσ-

203 3018 308 3082 δοκόν
333 3018 472 3081 ἔσεσθαι
494 3010 537 3080 άν
562 3029 655 3097 σφισι
681 3008 756 3098 παρ’
776 3007 882 3079 αὐτοῦ
899 3038 973 3081 τινα
991 3009 1169 3099 ιόφέλειαν..

202 3111 378 3200 οότωμέν
403 3110 446 3199 δή
470 3115 505 3181 οἱ
526 3108 614 3198 άμφί
638 3109 857 3198 Φαρνάβαζον
879 3112 958 3192 τούς
987 3119 1169 3194 Τενεδίους

202 3212 300 3304 φόβῳ
318 3218 447 3300 μᾶλλον
463 3208 485 3298 ή
504 3209 683 3292 ἐθέλοντας
701 3210 961 3300 παρεστήσαντο.
1177 3241 1209 3284 εο

166 3326 185 3378 4
274 3311 329 3382 Ἐν
355 3311 393 3380 δὲ
409 3310 517 3404 τοότφ
536 3313 695 3401 Πρωτέας
720 3310 738 3381 ὁ
760 3309 979 3402 Ἀνδρονίκου
1004 3314 1166 3403 έτύγχανε

201 3411 264 3503 μέν
293 3410 495 3500 ξυναγαγόν
528 3414 560 3494 ἐξ
584 3409 733 3499 Εὐβοίας
762 3439 798 3482 τε
820 3413 878 3485 καί
902 3414 1165 3504 Πελοποννήσου
