2572 3920
449 158 631 224 εειεεεειε
649 163 672 220 ε,
692 163 733 212 11.
1031 161 1072 225 73

184 310 332 388 Δαρείος
346 291 397 384 δέ,Ι
410 295 456 377 ώς
469 296 563 390 αὐτῷ
578 299 616 367 τδ
631 301 767 387 πρώτον
780 297 837 369 ὕπ’
849 297 1071 392 Ἀλεξάνδρου
1089 319 1106 368 ε

105 399 262 488 ἐφοβήθη
277 399 323 468 ,τὸ
348 401 448 487 κέρας
466 399 504 468 τὸ
522 398 703 488 εὐώνυμον
720 402 778 468 καί
795 401 901 489 ταότη
921 401 1072 492 άπορρηη

104 501 280 589 γνάμενον
309 503 446 568 κατεῖδε
464 503 526 568 τοῦ
553 497 658 569 άλλου
683 502 931 589 στρατοπέδου,
962 501 1072 582 εάθδς

105 599 154 682 ώς
172 600 262 688 εἶχεν
281 602 337 670 ἐπὶ
355 602 416 669 τοῦ
435 597 583 688 ἅρματος
604 601 671 670 σὺν
688 617 759 681 τοῖς
777 602 920 689 πρώτοις
939 609 1070 690 ἔφευγε.

78 704 164 770 εκαλ
184 707 257 772 ἔστε
273 701 337 788 μὲν
355 699 494 788 ὁμαλοίς
512 709 647 790 χωρίοις
667 704 703 770 ἐν
718 702 760 790 τῇ
775 705 870 789 φυγῇ
888 703 1071 789 ε’νετώγχα-
1090 719 1108 769 5

103 829 186 890 νιν,
211 803 268 871 έπλ
285 805 346 872 τοῦ
365 799 513 891 ἅρματος
531 802 716 885 διεσώζετο·
751 801 797 882 ώς
815 802 853 872 δὲ
870 804 1022 891 φάραγξί
1036 830 1072 872 τε

105 906 165 972 καὶ
183 901 300 984 άλλαις
317 909 522 991 δυσχωρίαις
542 904 720 994 ἐνέκυρσε,
744 903 782 971 τό
801 902 864 990 μὲν
882 901 973 991 άρμα
985 903 1072 972 άπο-

105 1011 215 1073 λείπει
232 1001 340 1073 αὐτοῦ
361 1005 419 1072 καὶ
435 1003 499 1090 τήν
516 1002 646 1073 άσπίδα
663 1003 795 1092 καὶτὸν
808 1004 940 1073 κάνδυν
955 1005 1071 1084 έκδάς·

106 1104 127 1172 δ
142 1103 181 1174 δὲ
195 1105 253 1172 καὶ
265 1105 304 1173 τδ
321 1101 421 1182 τόξον
435 1102 609 1172 άπολείπει
623 1106 679 1173 ἐπὶ
695 1109 757 1173 τοῦ
776 1102 940 1194 ἅρματος·
967 1103 1073 1186 αάτδς

68 1230 94 1272 ιο
107 1204 147 1274 δὲ
172 1210 281 1275 ἰ’ππου
301 1204 419 1292 ἐπιβάς
439 1210 578 1292 ἔφευγε·
610 1207 668 1274 καὶ
685 1203 707 1292 ἡ
723 1206 787 1286 νδξ
805 1205 847 1274 οὐ
866 1206 921 1274 διά
939 1209 1070 1294 μακροῦ

106 1307 329 1394 ἐπιγενομένη
357 1303 514 1391 άφείλετο
544 1303 652 1373 αὐτόν
679 1305 718 1372 τδ
743 1305 828 1393 πρδς
849 1304 1071 1394 Ἀλεξάνδρου

111 1405 246 1475 άλώναι.
287 1404 512 1493 Ἀλέξανδρος
536 1405 603 1494 γάρ
634 1411 706 1474 ἒστε
736 1405 799 1493 μὲν
830 1406 917 1494 φάος
940 1397 983 1493 ήν
1006 1405 1109 1474 άνάο
1147 1495 1151 1498 -

107 1508 234 1597 κράτος
254 1509 408 1576 ἐδίωκεν·
448 1505 494 1585 ώς
518 1505 556 1574 δὲ
581 1505 803 1589 συνεσκόταζέ
822 1534 858 1575 τε
875 1506 938 1594 ήδη
955 1509 1013 1576 καλ
1030 1507 1071 1574 τά

108 1609 176 1696 πρὸ
195 1610 313 1676 ποδῶν
329 1606 445 1695 ἀφανῆ
463 1597 518 1694 ήν,
538 1609 571 1685 ές
588 1607 626 1674 τδ
647 1612 788 1694 ἔμπαλιν
806 1603 1008 1696 άπετρέιιετο
1026 1606 1072 1686 ώς

71 1733 97 1774 ιι
112 1710 168 1778 έπλ
196 1707 235 1776 τὸ
265 1707 510 1799 στρατόπεδον,
543 1706 581 1774 τὸ
605 1709 719 1794 μέντοι
742 1706 832 1797 άρμα
855 1708 895 1776 τὸ
921 1717 1071 1796 Δαρείου

112 1815 210 1898 ἔλαβε
239 1811 302 1878 καί
327 1809 389 1896 τήν
418 1805 547 1876 άσπίδα
577 1806 625 1876 ἐπ’
657 1806 750 1898 αὐτῷ
775 1807 917 1876 καὶτὸν
940 1808 1073 1876 κάνδυν

110 1911 167 1980 καὶ
180 1911 219 1978 τδ
233 1909 341 1989 τόξον.
368 1908 506 1997 καὶγὰρ
523 1909 581 1976 καὶ
598 1907 619 1993 ή
639 1908 751 1987 δίωξις
769 1908 960 1996 βραδυτέρα
978 1907 1071 1998 αὐτῷ
1090 1927 1109 1976 7

112 2011 272 2098 ἐγεγόνει,
290 2007 342 2078 ὅτι
359 2011 396 2078 έν
413 2013 455 2097 τῇ
476 2009 593 2097 πρώτη
612 2007 814 2097 παραρρήξει
826 2010 885 2094 τής
898 2007 1073 2095 φάλαγγος

113 2113 312 2199 ἐπιστρέψας
342 2112 399 2178 καλ
429 2107 535 2189 αὐτὸς
566 2107 607 2178 οδ
637 2108 788 2198 πρόσθεν
820 2111 854 2188 ές
877 2109 916 2176 τὸ
941 2109 1072 2178 διώκειν

75 2233 100 2276 νο
114 2211 273 2301 ἐτράπετο
290 2211 373 2300 πρὶν
389 2209 470 2288 τοάς
486 2235 523 2277 τε
539 2209 771 2299 μισθοφόρους
788 2207 870 2288 τοδς
884 2209 1001 2289 ξένους
1014 2212 1072 2278 καλ

111 2314 149 2380 τδ
172 2314 243 2380 τών
269 2313 413 2399 Περσῶν
440 2309 576 2382 ίτιπικὸν
599 2308 666 2378 άπδ
690 2313 752 2380 τοῦ
778 2313 930 2398 ποταμοῦ
955 2309 1071 2379 άπωσ-

111 2415 234 2492 θέντας
252 2416 392 2480 κατεῖδε.
1069 2495 1073 2503 Ι

192 2514 269 2584 Τών
298 2511 336 2582 δέ
360 2513 505 2600 Περσῶν
535 2509 711 2586 άπέθανον
736 2509 904 2604 Ἀρσάμης
928 2511 991 2598 μέν
1014 2511 1110 2578 καλε

108 2611 299 2702 Ῥεομίθρης
321 2614 380 2681 καὶ
399 2611 545 2698 Ἀτιζόης
567 2613 636 2680 τών
655 2614 710 2682 ἐπὶ
729 2613 883 2702 Γρανικῷ
901 2609 1073 2698 ἡγησαμέ-

77 2739 182 2783 τινων
211 2717 273 2782 τοῦ
301 2716 456 2784 ίππικοῦ·
497 2711 704 2799 ἀποθνήσκει
727 2712 765 2780 δὲ
788 2713 844 2780 καί
870 2711 1072 2800 Σαβάκηςὸ

114 2815 294 2901 Αἰγύπτου
330 2813 501 2902 σατράπης
531 2815 589 2882 καὶ
621 2813 798 2900 Βουβάκης
827 2814 897 2879 τών
928 2815 1075 2899 ἐντίμων

115 2920 272 3005 Περσῶν·
326 2916 364 2984 τδ
399 2914 437 2984 δὲ
467 2913 551 2982 άλλο
581 2915 710 3000 πλῆθος
739 2919 789 2992 είς
820 2913 902 2980 δέκα
931 2912 1075 2999 μάλιστα

115 3017 278 3105 μυριάδας
296 3019 354 3085 καὶ
373 3019 410 3085 έν
427 3015 560 3094 τούτοις
580 3019 692 3092 ίππεῑς
710 3010 797 3102 ὑπὲρ
814 3013 896 3092 τους
913 3019 1075 3102 μυρίους,

116 3114 197 3186 ώστε
222 3119 311 3202 λέγει
334 3124 544 3204 Πτολεμαῖος
573 3114 592 3182 ό
617 3114 755 3201 Λάγου,
787 3113 1075 3201 ξυνεπισπόμενος

82 3216 186 3287 ωτότε
206 3216 434 3308 Ἀλεξάνδρῳ,
463 3216 545 3294 τούς
568 3216 648 3302 μετά
672 3219 770 3301 σφών
794 3214 978 3293 διώκοντας
997 3225 1073 3284 Δα-

116 3333 222 3406 ρεῖον,
248 3317 294 3398 ώς
320 3319 375 3386 ἐπὶ
400 3317 557 3406 φάραγγί
576 3341 641 3383 τινι
660 3319 697 3384 έν
714 3317 756 3402 τῇ
776 3314 885 3396 διώξει
903 3315 1072 3402 ἐγένοντο,

118 3420 170 3487 ἐπὶ
187 3421 255 3487 τών
272 3421 403 3507 νεκρών
421 3406 578 3504 διαβῆναι
595 3416 656 3503 τὴν
670 3414 840 3503 φάραγγα.
867 3414 907 3482 τό
919 3439 955 3482 τε
968 3433 1072 3500 στρα-
1089 3428 1108 3477 ⁹
