2632 3922
446 175 630 226 Δαεεεειε
648 177 678 239 ι,
697 177 722 228 ο.
742 177 781 228 ιο.
1031 171 1095 235 213

129 329 277 416 στρατὸν
302 327 383 409 τούς
409 327 473 417 μέν
499 328 604 410 αὐτὸς
631 328 715 418 άλλη
743 332 799 399 καλ
833 327 918 418 άλλη
950 321 1012 416 ἦγε
1037 331 1096 414 τῆς

129 431 256 518 χώρας,
272 429 314 497 τὰ
332 429 395 517 μέν
415 435 556 519 πορθῶν
576 428 638 500 ὅσα
660 432 812 518 πολέμια,
836 432 877 498 τὰ
897 429 936 499 δὲ
960 432 1096 499 σκοπῶν

130 529 198 618 ὅπη
225 528 457 619 εὐπορώτερος
483 530 576 622 αὐτῷ
602 529 621 598 ὁ
648 531 796 619 ποταμὸς
823 547 990 617 φανεῖται,
1015 530 1097 610 τούς

131 631 171 700 δέ
196 635 267 698 τῶν
292 630 470 718 ἡγεμόνων
496 630 608 712 ἄλλοις
634 634 692 700 καὶ
718 631 830 712 ἄλλοις
866 631 1096 719 ἐπιτρέψας
1143 685 1147 694 ,

101 733 190 800 ικαὶ
226 729 368 811 αὐτούς·
388 736 536 820 πολλαχῆ
572 735 739 821 διέπεμπε.
801 747 893 813 σῖτος
932 732 971 800 δὲ
1004 730 1131 823 αὐτῶθ

132 832 306 902 πάντοθεν
332 834 369 901 έκ
395 837 455 920 τῆς
482 834 538 902 ἐπὶ
555 833 637 902 τάδε
661 839 723 902 τοῦ
739 832 906 904 Ὑδάσπου
933 832 1043 922 χώρας
1064 835 1099 912 ἐς

134 931 173 1000 τὸ
201 933 430 1021 στρατόπεδον
456 935 697 1022 ξυνεκομίζετο,
730 932 776 1014 ῶς
806 935 911 1021 δῆλον
938 932 1097 1022 εἶναιτῷ

134 1032 250 1124 Πιέρῳ
283 1031 334 1102 ὅτι
367 1033 523 1119 έγνωκῶς
555 1045 607 1121 εἴη
639 1041 880 1124 προσλιπαρεῖν
912 1037 954 1122 τῇ
995 1031 1098 1120 ὄχθη,

135 1139 209 1202 ἔστε
234 1133 272 1201 τὸ
299 1132 395 1223 ὕδωρ
420 1141 485 1203 ποῶ
512 1140 665 1222 ποταμοῦ
696 1150 793 1222 μεῖον
825 1132 1009 1222 γενόμενον
1035 1134 1098 1200 τοῦ

91 1255 119 1296 ιο
132 1237 296 1320 χειμῶνος
322 1239 473 1321 πολλαχῆ
499 1239 716 1323 παραδοῦναί
746 1238 781 1303 ολ
803 1233 864 1303 τὸν
890 1233 1012 1322 πόρον·
1035 1232 1099 1308 ,τά

132 1360 170 1402 τε
187 1341 292 1404 πλοῖα
306 1333 401 1425 αὐτῷ
419 1333 505 1423 άλλη
531 1337 589 1404 καὶ
615 1333 700 1424 άλλη
727 1335 965 1422 παραπλέοντα
982 1336 1040 1403 καλ
1062 1338 1102 1402 αλ

134 1435 295 1523 διφθέραι
328 1440 387 1522 τῆς
422 1433 555 1523 κάρφης
590 1434 834 1524 ἐμπιπλάμεναι
866 1437 923 1503 καλ
955 1434 978 1522 ἡ
1011 1432 1099 1522 ὄχθη

134 1540 228 1603 πᾶσα
261 1535 391 1623 πλήρης
422 1537 608 1624 φαινομένη
642 1541 684 1624 τῇ
717 1535 780 1623 μὲν
808 1537 959 1622 ἱππέων,
990 1539 1031 1623 τῇ
1060 1533 1099 1603 δὲ

135 1639 253 1721 πεζῶν,
272 1633 336 1703 οὐκ
353 1646 407 1705 ελα
424 1634 561 1724 ἠρεμεῖν
579 1635 641 1705 τὸν
663 1641 800 1727 Πῶρον,
818 1635 901 1706 οὐδὲ
920 1639 958 1704 ἕν
975 1663 1007 1703 τι
1026 1637 1099 1702 ε’πι-

94 1755 121 1796 15
136 1735 318 1822 λεξάμενον
337 1737 371 1815 ές
388 1737 546 1824 φυλακὴν
563 1737 753 1826 ξύμφορον,
780 1740 814 1818 ές
832 1741 935 1805 τοῦτο
955 1739 991 1805 ε’κ
1009 1735 1099 1803 πάν-

135 1861 204 1904 των
221 1836 540 1926 παρασκευάζεσθαι.
584 1835 693 1918 άλλως
718 1864 754 1907 τε
773 1840 809 1906 έν
826 1836 889 1925 μέν
907 1839 954 1926 τῷ
972 1835 1048 1904 τότε
1066 1840 1102 1904 ολ
1117 1861 1134 1908 4

136 1936 279 2023 ποταμοὶ
305 1937 428 2018 πάντες
460 1944 497 2008 ολ
517 1933 651 2008 Ἰνθικολ
677 1944 804 2007 πολλοῦ
829 1963 865 2006 τε
890 1935 1016 2015 ’ὕδατος
1042 1938 1098 2004 καὶ

134 2041 280 2124 θολεροῦ
306 2043 423 2126 ἔρρεον
448 2040 505 2106 καὶ
532 2035 626 2119 ὀξέος
651 2043 714 2108 ποῶ
742 2037 924 2126 ῥεύματος·
968 2027 1011 2123 ἦν
1033 2037 1100 2122 γὰρ
1161 2105 1163 2120 ,

137 2134 208 2226 ῶρα
222 2141 319 2217 ἔτους
333 2129 356 2225 ἦ
373 2139 457 2206 κατὰ
475 2137 602 2227 τροπάς
620 2138 763 2226 μάλιστα
782 2141 819 2206 έν
835 2139 929 2225 θέρει
945 2138 1101 2223 τρέπεται

97 2237 155 2306 εοὸ
181 2235 287 2324 ἣλιος·
322 2238 430 2328 ταύτῃ
458 2238 497 2308 θλ
522 2243 563 2327 τῇ
592 2237 664 2329 ῶρηι
688 2237 799 2308 ὕδατά
825 2264 861 2306 τε
889 2237 921 2316 ἐξ
948 2235 1100 2326 ούρανοῦ

137 2337 250 2426 ἀθρόα
275 2365 312 2412 τε
336 2341 559 2428 καταφέρεται
578 2343 611 2419 ές
628 2341 691 2428 τὴν
708 2345 773 2427 γῆν
794 2341 857 2426 τὴν
870 2336 1015 2426 Ἰνδικὴν
1041 2340 1100 2407 καὶ

137 2443 177 2508 αι’
186 2439 296 2526 χιόνες
310 2445 350 2509 αλ
365 2442 401 2509 ἐκ
413 2446 475 2510 τοῦ
488 2439 687 2527 Καυκάσου,
702 2447 868 2526 ἔνθενπερ
881 2442 950 2508 τῶν
964 2443 1101 2507 πολλῶν

139 2543 300 2626 ποταμῶν
326 2547 365 2609 αλ
394 2549 503 2628 πηγαί
532 2549 615 2628 εἰσι,
647 2540 913 2629 κατατηκόμεναι
938 2537 1101 2620 αὔξουσιν

139 2634 257 2720 αὐτοῖς
283 2639 321 2708 τὸ
346 2640 443 2730 ὕδωρ
470 2643 525 2711 ἐπὶ
552 2643 653 2730 μέγα·
698 2647 859 2731 χειμῶνος
892 2639 931 2710 δὲ
959 2645 1100 2728 ἔμπαλιν

100 2761 126 2804 ιο
141 2748 307 2830 ἴσχουσιν,
338 2737 449 2827 ὀλίγοι
479 2767 515 2812 τε
546 2742 804 2828 γίγνονταικαὶ
836 2743 983 2828 καθαροὶ
1012 2745 1101 2811 ἰδεῖν

8 2867 9 2872 ’
138 2841 196 2907 καὶ
222 2843 312 2908 ἔστιν
337 2838 425 2910 ὅπου
452 2842 638 2931 περάσιμοι,
664 2843 755 2929 πλήν
780 2869 819 2928 γε
845 2842 887 2929 δὴ
913 2847 976 2910 τοῦ
991 2839 1101 2910 Ἰνθοῦ

138 2940 196 3008 καὶ
223 2939 372 3028 Γάγγου,
397 2943 454 3011 καὶ
480 2943 586 3030 τυχὸν
610 2944 668 3012 καλ
686 2942 793 3013 ἄλλου
811 2960 889 3012 του·
929 2941 1004 3010 ἀλλ’
1024 2938 1098 3028 ὅγ’

136 3039 302 3129 ’Τθάσπης
329 3043 473 3131 περατὸς
498 3051 635 3128 γίνεται.

219 3143 355 3231 Ταάτην
380 3133 444 3213 οὖν
460 3143 522 3231 τὴν
540 3141 632 3233 ῶραυ
649 3147 710 3214 τοῦ
731 3151 828 3225 ἔτους
846 3143 1047 3231 προσμένειν
1065 3145 1098 3224 ές
1111 3155 1152 3220 10

102 3241 175 3318 md
203 3242 356 3330 φανεράν
382 3249 541 3332 ἔφασκεν,
568 3253 601 3316 εἰ
617 3248 655 3314 έν
671 3251 719 3337 τῷ
736 3245 813 3315 τότε
829 3254 987 3331 εἴργοιτο·
1023 3242 1042 3314 ὁ
1062 3245 1101 3314 δέ

140 3342 243 3412 οὐδέν
260 3359 356 3432 μεῖον
375 3345 570 3434 ἐφεδρεύων
588 3353 717 3435 ἔμενεν,
744 3357 779 3416 εἰ
801 3369 847 3435 πη
870 3342 969 3414 λάθοι
984 3343 1100 3434 άφαρ-

139 3445 247 3527 πάσας
274 3443 375 3527 ὀξέως
400 3445 461 3516 τὸν
487 3447 604 3538 πόρον.
649 3438 671 3536 ᾗ
698 3446 762 3536 μέν
788 3445 830 3535 δὴ
856 3443 960 3524 αὐτὸς
978 3449 1101 3536 Πῶρος
