2632 3922
364 116 372 133 '
485 146 671 200 ιιιιειειε
688 150 717 212 ε,
734 150 759 200 ε.
777 149 803 200 ε.
1059 136 1127 214 255

153 302 255 386 μίονς
281 299 505 389 τεταγμένους
530 309 675 391 κατεῖδε,
709 297 755 384 οῦς
781 299 870 392 εἶχεν
895 300 933 372 ἐκ
951 309 1011 392 τῆς
1031 301 1121 376 Ιὁδοῦ

154 394 313 486 ἐμβάλλει
339 397 374 480 ἒς
399 400 461 471 τὸν
486 399 595 492 πόρον
621 403 684 484 ξῦν
709 408 751 494 τῇ
771 409 863 496 λππχυ
880 401 981 494 μόνη.Ι
1022 409 1057 474 οί
1072 405 1121 492 δέ,
1141 424 1164 475 6

158 497 289 580 ἰδόντες
309 498 347 570 έν
363 501 454 595 μέσφ
471 508 535 572 τοῦ
548 510 700 593 ποταμοῦ
719 501 799 573 ὄντα
812 502 878 592 ἤδη
888 501 1121 594 Ἀλέξανδρον,

156 598 240 668 κατά
269 599 423 688 σπουδὴν
448 602 523 690 μέν,
549 604 808 692 ξυντεταγμένοι
826 603 864 673 δὲ
880 601 969 692 ὅμως
987 603 1121 694 ἀπεχοί-

127 722 243 788 ορουν
260 697 326 770 άπὸ
345 706 403 790 τῆς
422 700 542 792 ὄχθης·
576 705 634 772 καὶ
649 701 868 794 Ἀλέξανδρος
891 703 954 786 ξῦν
972 703 1059 794 μόνη
1077 710 1122 794 τῇ

154 803 250 892 ἵππῳ
276 806 395 872 εἵπετο.
430 800 476 883 (ῦς
502 802 540 872 δὲ
565 809 721 874 κατεῖδον
740 806 862 884 ίππέας
878 803 1017 893 μόνους,
1045 799 1120 874 ἔπι-

145 897 360 989 Ὶστρείλιαντες
393 905 429 972 οί
449 897 549 972 Ἰνδοὶ
581 910 752 994 καρτερῶς
784 903 964 992 ἐμάχοντο,
990 911 1122 994 πλῆθος

154 997 250 1082 ὄντες
277 1001 312 1082 ἐς
341 1003 440 1072 πέντε
463 1003 640 1091 μυριάδας.
683 1007 741 1074 καὶ
756 999 975 1094 Ἀλέξανδρος
993 1003 1039 1086 ῦς
1056 1005 1120 1093 τήν

154 1125 192 1168 τε
222 1101 383 1190 φάλαγγα
416 1097 533 1172 αύτῦν
566 1101 700 1191 πυκνὴν
725 1109 858 1174 κατεῖδε
883 1105 940 1174 καί
967 1101 1061 1198 αύτῷ
1087 1111 1124 1176 οί

114 1223 142 1264 ιο
154 1201 245 1283 πεζοὶ
261 1199 409 1290 άπῆσαν,
428 1204 619 1292 προσβολάς
636 1205 699 1292 μὲν
717 1202 903 1274 ἐποιεῖτο
920 1202 955 1285 ἐς
972 1206 1120 1286 κύκλους

25 1365 28 1370 .
154 1303 392 1392 παριππεύων·
429 1297 465 1383 ἒς
482 1318 597 1392 χεῖρας
615 1304 654 1374 δὲ
672 1303 736 1373 ούκ
753 1303 806 1393 ᾔει
822 1320 893 1385 τοῖς
909 1303 1036 1386 Ἰνδοίς.
1063 1307 1120 1374 καὶ
1140 1323 1159 1372 ἰ

155 1399 194 1469 ε’ν
220 1400 331 1495 τούτῳ
358 1409 602 1494 παραγίνονται
627 1402 721 1495 αύτῷ
748 1409 785 1474 ολ
806 1430 843 1474 τε
865 1402 1037 1494 ’Λγριῦνες
1062 1407 1120 1474 καλ

154 1498 253 1570 ῦλλαι
278 1501 385 1583 τάξεις
410 1505 480 1571 τοῦν
506 1509 628 1592 φιλοῦν,
656 1501 695 1584 ῦς
722 1503 765 1592 δὴ
793 1501 985 1586 ἐπιλέκτους
1003 1503 1069 1592 ῦμα
1087 1500 1125 1574 οἷ

154 1594 226 1690 ἦγε,
252 1605 310 1672 καὶ
337 1608 374 1672 οί
387 1601 533 1685 τοξόται·
572 1599 615 1673 ού
642 1602 757 1693 πόρρω
784 1603 823 1674 δέ
847 1603 931 1674 οὐδὲ
948 1603 969 1691 ἡ
987 1603 1122 1698 φάλαγξ

116 1698 314 1790 ιε’ἒφαίνετο
345 1708 414 1772 τῶν
447 1707 564 1788 πεζόν.
618 1705 674 1773 καὶ
709 1708 744 1772 οί
771 1701 872 1774 Ἰνδοὶ
905 1703 990 1792 ὁμοῦ
1025 1726 1121 1792 σφισι

154 1801 293 1873 πάντων
317 1808 388 1872 τῶν
417 1807 539 1873 δεινοῦν
565 1804 814 1894 προσκειμένων
848 1803 1120 1893 ἀποστρέψαντες

152 1901 218 1990 ἤδη
236 1902 474 1994 προτροπάδην
492 1903 641 1992 ’ἔφευγον
658 1903 693 1985 ἐς
706 1904 807 1974 πόλιν
820 1899 1036 1994 όχυρωτάτην
1049 1910 1119 1974 νῦν

154 2010 307 2090 πλησίον.
326 2003 608 2094 καὶἏλέξανδρος
623 2004 784 2094 ἑπόμενός
797 2031 833 2074 τε
843 2003 961 2084 αύτοίς
971 2003 1119 2086 πολλοῦς
1136 2024 1158 2076 8

156 2110 281 2174 ἔκτεινε
306 2104 364 2174 καί
391 2102 437 2186 ὥς
464 2102 499 2186 ἐς
515 2105 578 2194 τὴν
596 2105 697 2174 πόλιν
715 2109 750 2174 οί
765 2103 989 2192 διαφυγόντες
1007 2131 1120 2174 κατει-

8 2231 10 2240 ’
115 2204 320 2294 ενληθησαν,
345 2209 462 2294 πρῶτα
488 2205 551 2294 μὲν
567 2221 639 2286 τοῖς
658 2210 817 2275 ἱππεῦσιν
836 2204 870 2284 ἒξ
890 2200 1016 2293 ἐφόδου
1039 2205 1121 2274 ἔκυ-

154 2304 307 2375 κλύσατο
323 2305 386 2393 τὴν
404 2305 519 2375 πόλιν·
560 2303 605 2386 ὥς
623 2306 662 2376 δὲ
679 2310 716 2375 οί
730 2308 819 2389 πεζοὶ
838 2304 932 2397 αύτῷ
951 2311 1121 2395 παρῆσαν,

154 2405 262 2495 ταύτη
289 2405 352 2495 μέν
378 2411 421 2497 τῇ
446 2405 554 2496 ἡμέρᾳ
580 2406 914 2496 περιστρατοπεδεύει
940 2402 981 2475 ἓν
1005 2405 1122 2500 κύκλφ

155 2511 218 2574 τοῦ
235 2512 378 2594 τείχους,
404 2505 455 2576 ὅτι
471 2504 512 2576 ού
532 2506 624 2576 πολύ
639 2534 675 2576 τε
698 2512 758 2594 τῆς
775 2504 900 2594 ἡμέρας
918 2500 1122 2576 ῦπελείπετο

158 2605 192 2684 ἐς
211 2603 272 2692 την
286 2607 478 2695 προσβολὴν
491 2609 547 2674 καὶ
561 2606 581 2694 ἡ
596 2603 732 2694 στρατιά
746 2604 838 2697 αύτῷ
851 2603 921 2675 ῦπό
933 2632 970 2676 τε
982 2613 1122 2696 πορείας

116 2727 144 2769 ιτ
157 2710 287 2793 μακρᾶς
305 2710 341 2775 οί
355 2707 444 2789 πεζοὶ
462 2707 519 2775 καὶ
536 2703 606 2774 ύπδ
626 2706 770 2787 διάξεως
788 2711 953 2794 συνεχοῦς
971 2712 1007 2778 oc
1022 2711 1122 2776 ἵπποι

156 2805 214 2874 καὶ
239 2801 304 2893 ούχ
328 2804 445 2893 ἥκιστα
470 2803 555 2874 κατά
580 2804 641 2875 τδν
665 2801 771 2894 πόρον
796 2809 860 2874 τοῦ
886 2811 1038 2894 ποταμοῦ
1063 2833 1121 2875 τε·

155 2907 463 2994 ταλαιπωρήκεσαν.

233 3013 278 3097 τῇ
305 3008 343 3077 δὲ
368 3005 531 3099 ύστεραίμ
558 3011 633 3095 διχῆ
660 3005 781 3076 διελιδν
807 3004 867 3076 τόν
893 3003 1037 3097 στρατόν
1061 3008 1163 3082 τοῦθ

155 3108 219 3197 μὲν
247 3110 362 3198 ἑτέρου
389 3105 493 3188 αύτδς
516 3105 702 3197 ἡγούμενος
719 3107 928 3196 προσέβαλλε
945 3109 992 3199 τῷ
1010 3113 1122 3196 τείχει,

118 3208 195 3282 ωτό
230 3209 270 3278 δὲ
296 3211 411 3297 ἕτερον
437 3213 628 3296 Περδίκκας
654 3212 811 3300 προσῆγε.
856 3208 913 3276 καὶ
941 3204 980 3278 ἐν
1011 3207 1122 3299 τούτφ

157 3307 199 3377 ού
228 3309 401 3399 δεξάμενοι
426 3313 462 3378 οί
482 3307 584 3378 Ἰνδοὶ
609 3313 679 3378 τιῦν
696 3307 909 3380 Μακεδόνων
933 3307 997 3394 τὴν
1014 3307 1124 3395 ὁρμὴν

157 3410 199 3476 τὰ
225 3409 289 3498 μὲν
321 3417 413 3500 τείχη
444 3413 505 3497 τῆς
530 3409 660 3489 πόλεως
686 3417 873 3498 λείπουσιν,
898 3407 998 3481 αύτοὶ
1025 3407 1064 3476 δὲ
1088 3403 1126 3488 ἐς
