2632 3922
473 173 657 226 καιυειιιε
675 176 700 236 ε,
720 177 760 231 ιο.
1040 175 1102 239 271

133 351 193 401 σεν
215 329 434 422 Ἀλέξανδρος
461 332 498 399 ἐκ
522 335 592 399 τῶν
619 330 799 418 παρόντων
825 331 939 400 καὶέν
956 330 1104 420 κερκού-

134 459 207 522 ροιν
227 438 326 502 δυοῖν
344 431 532 521 προπέμπει
552 431 635 500 κατά
656 431 716 501 τδν
730 430 884 518 ποταμόν
896 429 976 512 τούς
994 459 1101 500 κατα·
1132 445 1149 486 Γ
1249 429 1254 442 ’

134 537 364 621 σκεψομένους
403 531 465 618 τήν
503 534 607 618 νῆσον
648 535 681 612 ἐς
714 529 832 619 ῆντινα
867 536 901 602 οί
932 532 1103 621 ἐπιχώριοι

21 697 24 704 .
135 641 284 722 ἔφασκον
310 632 468 722 ὁρμιστέα
494 631 580 701 εἶναι
606 631 699 724 αύτῷ
726 631 809 702 κατά
832 631 891 702 τόν
909 637 1020 708 πλοῦν
1037 631 1101 702 τόν

108 737 191 804 εέπὶ
217 735 413 805 θάλασσαν’
446 731 614 803 Κιλλουτά
643 733 681 802 δέ
707 735 766 819 τῆς
793 734 899 820 νήσου
926 733 964 802 τδ
992 732 1100 821 όνομα

134 841 261 921 ἔλεγον.
299 832 346 915 ὡς
372 833 410 903 δὲ
438 835 621 922 ἐξηγγέλθη
648 831 698 904 ὅτι
724 833 819 924 ὅρμοι
836 861 871 904 τε
891 838 928 906 ἐν
944 839 986 924 τῆ
1005 834 1102 926 νήσςο

133 938 200 1006 εἰσὶ
217 936 275 1005 καί
292 934 377 1022 αύτῆ
393 936 521 1023 μεγάλη
539 936 595 1004 καὶ
612 933 707 1024 ὕδωρ
728 941 863 1024 ἔχουσα,
882 934 900 1003 ό
919 935 982 1022 μέν
999 935 1100 1016 ἀλλος

133 1036 226 1129 αύτςό
252 1037 369 1116 στόλος
388 1039 421 1116 ἐς
438 1035 501 1122 τῆν
518 1039 623 1123 νῆσον
640 1037 816 1124 κατέσχεν·
850 1033 953 1116 αύτδς
971 1036 1009 1106 δὲ
1026 1051 1101 1117 ταῖς

134 1136 251 1227 ἀριστα
278 1137 458 1217 πλεούσαις
484 1141 554 1204 τάν
578 1139 667 1206 νεῶν
693 1134 746 1207 ἐπ’
768 1140 880 1206 ἐκεῖνα
898 1135 1100 1226 προύχιόρει,

94 1267 121 1307 ιο
135 1238 181 1318 ύς
207 1236 342 1306 ἀπιδεῖν
367 1240 428 1306 τού
457 1240 607 1326 ποταμοῦ
634 1236 697 1323 τήν
725 1237 867 1325 ἐκβολήν
892 1237 961 1325 τῆν
982 1241 1016 1318 ἐς
1040 1231 1103 1326 τῆν

132 1337 324 1426 θάλασσαν,
342 1345 375 1408 εί
391 1338 530 1426 παρέχοι
546 1336 608 1406 τόν
627 1344 776 1408 ἔκπλουν
794 1336 949 1427 εὔπορον.
977 1345 1099 1426 προελ-
1119 1357 1139 1407 4

131 1438 254 1520 θόντες
272 1439 310 1509 δὲ
328 1437 395 1508 ἀπδ
413 1442 471 1526 τῆς
488 1438 595 1526 νήσου
622 1444 782 1520 σταδίους
808 1435 890 1508 ὅσον
907 1444 1102 1520 διακοσίους

131 1536 305 1630 ἀφορῶσιν
322 1539 428 1626 ἀλλην
445 1541 562 1627 νῆσον,
588 1538 716 1629 ταύτην
733 1538 795 1628 ῆδη
815 1543 853 1609 ἐν
874 1543 915 1628 τῆ
934 1539 1101 1629 θαλάσση.

132 1642 207 1711 τότε
223 1641 286 1729 μὲν
304 1641 346 1728 δή
366 1643 560 1728 ἐπανῆλθον
580 1643 613 1720 ἐς
631 1639 694 1728 τῆν
713 1643 750 1710 έν
764 1647 812 1732 τῷ
826 1643 964 1732 ποταμῷ
979 1646 1099 1729 νῆσον,

94 1769 120 1811 15
133 1744 190 1810 καὶ
217 1743 301 1830 πρὸς
326 1757 397 1822 τοῖς
414 1740 529 1829 ἀκροις
547 1736 653 1826 αύτῆς
670 1742 913 1829 καθορμισθεὶς
930 1741 1010 1810 θύει
1027 1757 1104 1821 τοῖς

132 1855 228 1924 θεοῖς
258 1843 476 1930 Ἀλέξανδρος
516 1839 607 1921 ὅσοις
650 1847 795 1928 ἔφασκεν
828 1840 878 1909 ὅτι
911 1841 1002 1928 παρά
1036 1847 1104 1912 τοῦ

124 1943 304 2032 ’Ἄμμωνος
330 1941 580 2032 ἐπηγγελμένον
597 1932 640 2030 ῆν
657 1946 765 2010 θύσαι
782 1936 886 2032 αύτῷ.
932 1945 965 2022 ἐς
983 1941 1021 2012 δὲ
1038 1943 1101 2030 τήν

132 2044 316 2135 ὑστεραίαν
328 2045 483 2113 κατέκλα
493 2039 604 2124 ὦς’έπλ
617 2042 679 2130 τήν
692 2041 799 2129 ἀλλην
808 2041 870 2130 τήν
880 2040 917 2112 ἐν
928 2046 975 2134 τῷ
985 2042 1101 2134 πόντῳ

133 2149 252 2234 νῆσον·
286 2147 344 2214 καλ
362 2141 542 2232 προσσχών
560 2142 742 2233 καὶταύτῃ
762 2149 845 2214 ἔθυε
866 2145 924 2212 καί
947 2142 1100 2214 ἐνταύθα

94 2245 236 2328 ιοάλλας
262 2238 308 2317 αύ
333 2253 460 2326 θυσίας
491 2244 603 2326 ἀλλοις
635 2255 729 2324 θεοῖς
762 2245 818 2314 καλ
845 2242 938 2336 ἀλλςο
964 2245 1100 2337 τρόπῳ·

126 2349 190 2416 ’καὶ
215 2347 341 2426 ταύτας
368 2347 406 2416 δέ
432 2345 508 2415 κατ’
538 2343 786 2434 ἀπιθεσπισμδν
808 2344 888 2415 θύει
919 2358 980 2416 τοῦ
1011 2344 1099 2434 ’Ἁμ-

96 2515 109 2522 ,
131 2473 251 2536 μωνος.
296 2442 399 2527 αύτὸς
425 2447 463 2516 δέ
489 2445 694 2536 ύπερβαλάυ
718 2452 781 2516 τού
805 2444 917 2516 Ἰνδού
943 2449 1134 2534 ποταμοῦσ
1179 2435 1184 2443 ’

131 2550 190 2628 τάς
217 2545 358 2634 ἐκβολάς
384 2541 420 2626 ές
437 2545 475 2617 τό
492 2549 636 2633 πέλαγος
655 2546 802 2634 ἀνέπλει,
831 2547 876 2628 οδς
889 2547 953 2635 μέν
972 2553 1097 2634 ἔλεγεν,

132 2647 266 2717 ἀπιδεῖν
298 2657 333 2715 εί
359 2648 428 2716 πού
453 2674 502 2727 τις
534 2647 626 2737 χάρα
658 2655 804 2734 πλησίον
830 2643 958 2736 ἀνίσχει
986 2647 1024 2717 ἐν
1050 2650 1097 2740 τῷ

93 2777 120 2818 ιε
134 2747 263 2840 πόντφ·
295 2745 371 2835 ἐμοὶ
397 2747 436 2816 δὲ
461 2753 556 2816 δοκεῖ
579 2746 641 2834 ούχ
667 2745 783 2834 ῆκιστα
811 2748 856 2828 άς
875 2751 1097 2818 πεπλευκέναι

130 2849 193 2936 τῆν
217 2847 367 2935 μεγάλην
392 2847 454 2936 τῆν
487 2850 550 2929 ἔξω
572 2847 690 2917 Ἰνδῶν
714 2847 902 2918 θάλασσαν.
943 2849 1097 2918 ἐνταῦθα

130 2949 280 3038 ταύρους
305 2973 342 3017 τε
369 2949 500 3035 σφάξας
526 2954 574 3040 τῷ
601 2953 790 3020 Ποσειδῶνι
815 2946 947 3037 ἀφῆκεν
972 2949 1007 3030 ἐς
1033 2951 1098 3038 τῆν

130 3050 310 3120 θάλασσαν
326 3049 384 3118 καὶ
402 3057 540 3130 σπείσας
563 3047 619 3118 ἐπὶ
636 3055 679 3138 τῆ
697 3056 807 3140 θυσίᾳ
824 3049 886 3138 τήν
902 3077 938 3119 τε
957 3051 1096 3140 φιάλην,

131 3156 263 3242 χρυσῆν
297 3142 420 3240 οὖσαν,
454 3151 512 3219 καὶ
544 3155 713 3239 κρατῆρας
739 3153 889 3240 χρυσοῦς
915 3148 1097 3240 ἐνέβαλλεν

93 3251 168 3333 εοές
206 3252 268 3322 τδν
299 3251 426 3321 πόντον
458 3252 671 3341 χαριστήρια,
711 3249 893 3340 εύχόμενος
932 3253 1023 3321 σάόν
1063 3259 1101 3322 οί

133 3353 353 3443 παραπέμψαι
369 3352 430 3422 τδν
447 3351 592 3440 στρατόν
609 3350 669 3422 τδν
688 3353 862 3440 ναυτικόν,
889 3349 1004 3422 ὅντινα
1033 3353 1097 3434 ξύν
1215 3423 1220 3430 ,

133 3455 278 3548 Νεάρχςο
312 3453 442 3524 ἐπενόει
468 3453 616 3524 στέλλειν
643 3445 689 3534 ὦς
715 3449 772 3522 ἐπὶ
797 3451 859 3522 τδν
885 3451 1013 3522 κόλπον
1042 3452 1105 3524 τόν
