2620 3924
180 165 242 231 124
533 161 785 220 εεεεεαεεου

179 305 307 392 πολλὴν
327 309 424 393 ἐλαβε
446 303 505 372 καὶ
528 301 643 372 αὐτῶν
668 309 716 370 ἔτι
741 305 778 371 ἐν
803 317 877 381 ταῖς
896 299 1013 383 εὐναῖς
1032 297 1143 371 όντων

179 408 329 487 πολλούς
355 405 565 474 ἀπέκτεινεν·
593 409 629 471 οί
653 403 692 471 δὲ
718 393 898 491 ἀπέφυγον
925 409 973 482 είς
999 404 1041 471 τὰ
1069 401 1140 492 ὅρη.

181 508 284 587 αὐτὸς
299 507 337 575 δέ
350 505 403 595 ᾔει
416 509 549 593 σπουδῇ
566 506 621 574 ἐπὶ
635 505 676 571 τδι
691 504 803 590 στενά,
818 508 875 572 ἵνα
889 503 1143 590 ἀπαντήσεσθαι

181 615 217 680 ολ
227 607 342 690 Ούξιοι
351 608 517 695 πανδημεί
529 605 684 693 ἐδόκουν,
696 606 880 692 ληψόμενοι
892 605 933 673 τὰ
946 605 1140 692 τεταγμένα.

145 727 164 775 4
179 711 356 800 Κράτερον
374 709 412 778 δδ
432 713 479 778 ἐτι
497 707 648 796 πρόσθεν
673 706 846 775 ἀπέστειλε
868 707 909 774 τὰ
932 705 1019 793 όὶκρα
1037 726 1168 774 κατα-5

181 812 371 901 ληψόμενον
383 816 468 880 ἔνθα
479 806 560 900 ᾤετο
569 807 785 897 βιαζομένους
798 807 880 886 τούς
893 806 1040 889 Οὐξίους
1055 806 1142 876 ύπο-

181 913 354 1001 χωρήσειν.
387 909 491 989 αύτός
506 909 543 978 δέ
558 912 671 1000 πολλῷ
690 909 781 995 τείχει
798 907 865 996 ᾔει·
893 911 951 977 καὶ
966 909 1090 995 φθόνει
1107 935 1143 978 τε

181 1013 347 1102 κρατήσας
356 1016 426 1082 τῶν
435 1009 595 1098 παρόδων
608 1013 664 1079 καὶ
674 1009 961 1096 ξυντεταγμένους
970 1009 1051 1088 τούς
1061 1008 1139 1096 ἄμφ’

181 1115 288 1184 αύτδν
308 1120 393 1200 ἔχων
419 1115 456 1194 ἐξ·
476 1111 684 1200 ύπερδεξίαν
709 1119 843 1203 χωρίων
868 1113 991 1196 ἐπῆγεν
1016 1109 1062 1190 ιός
1087 1111 1143 1179 ἐπὶ

147 1231 164 1280 5
182 1217 262 1298 τούς
285 1215 489 1304 βαρβάρους.
533 1217 569 1280 οί
588 1213 647 1299 δέ,
677 1215 724 1303 τῷ
749 1238 785 1280 τε
796 1211 899 1298 ,τείχει
920 1210 1142 1299 Ἀλεξάνδρου
1156 1233 1183 1280 ιο

183 1316 403 1404 ἐκπλαγέντες
422 1316 568 1392 καὶτοῖς
586 1320 737 1401 χωρίοις,
763 1308 815 1392 οῖς
838 1313 979 1400 μάλιστα
1003 1313 1045 1399 δὴ
1065 1315 1142 1382 ἐπε·
1170 1328 1173 1332 “

183 1427 367 1505 ποίθεσαν,
386 1415 702 1502 πλεονεκτούμενοι,
721 1420 851 1500 ἔφυγον
868 1413 951 1483 οὐδὲ
964 1419 1012 1493 είς
1029 1428 1143 1502 χεῖρας

184 1519 358 1597 ἐλθόντες·
386 1519 443 1586 καὶ
461 1522 497 1585 οί
511 1515 574 1602 μὲν
588 1515 703 1583 αὐτῶν
720 1513 790 1582 ύπό
804 1519 873 1583 τῶν
887 1513 967 1603 ἀμφ’
984 1514 1142 1596 Ἀλέξαν-

183 1626 267 1708 δρον
284 1617 322 1686 ἐν
340 1623 381 1707 τῇ
401 1620 496 1706 φυγῇ
512 1615 702 1703 ἀπέθανον,
721 1617 840 1684 πολλοὶ
854 1615 892 1684 δέ
906 1618 963 1684 καὶ
976 1615 1061 1684 κατα
1080 1617 1142 1700 τὴν

183 1719 267 1790 όδὸν
292 1718 472 1806 κρημνώδη
497 1708 621 1786 οὖσαν·
655 1721 692 1785 οί
712 1724 861 1786 πλεῖστοι
885 1716 922 1785 δὲ
949 1718 1004 1785 ἐπὶ
1023 1717 1063 1784 τὰ
1081 1714 1142 1804 όρη
1157 1739 1183 1784 ιε
1300 1801 1308 1816 Α

184 1820 435 1912 ἀναφεύγοντες
454 1821 677 1905 ἐμπίπτουσιν
696 1820 730 1897 ἐς
756 1818 836 1897 τούς
861 1817 950 1904 ἀμφὶ
969 1819 1143 1906 Κράτερον

149 1923 240 1990 εκαὶ
264 1920 334 1990 ύπδ
364 1920 495 1989 τούτων
518 1918 703 1987 ἀπώλοντο.
748 1921 857 1987 ταῦτα
885 1918 927 1986 τοὶ
960 1918 1043 2006 γέρα
1067 1917 1141 2006 παρ’

179 2022 402 2109 Ἀλεξάνδρου
417 2019 575 2108 λαβόντες
589 2021 741 2106 χαλεπῶς
751 2017 891 2108 εὕροντο
900 2018 1053 2107 δεόμενοι
1066 2019 1141 2109 παρ’

184 2121 292 2192 αύτοῦ
307 2121 369 2207 τὴν
383 2122 496 2208 χώραν
513 2122 576 2205 τὴν
594 2124 692 2207 σφῶν
712 2127 842 2206 ἔχοντες
861 2121 992 2209 φόρους
1009 2119 1071 2190 ὅσα
1087 2127 1143 2209 ἔτη

181 2222 391 2313 Ἀλεξάνδρῳ
400 2219 594 2309 ἀποφέρειν.
621 2228 829 2308 Πτολεμαῖος
843 2221 881 2290 δὲ
894 2219 1041 2308 όΛοίγου
1055 2223 1143 2308 λέγει
1157 2248 1183 2288 ιο

184 2323 247 2410 τὴν
265 2329 415 2409 Δαρείου
434 2321 560 2410 μητέρα
578 2324 739 2409 δεηθῆναι
755 2321 843 2411 ύιιέρ
858 2321 973 2392 αύτῶν
988 2322 1143 2404 Ἀλεξίν-

186 2429 271 2514 δρου
289 2426 415 2493 δοῦναί
430 2443 524 2510 σφισι
546 2422 607 2508 τὴν
624 2423 738 2512 χεόραν
757 2430 872 2492 οίκεῐν.
905 2421 923 2490 ὅ
943 2423 1050 2512 φόρος
1067 2423 1105 2492 δέ
1124 2422 1143 2492 ό

185 2526 388 2612 συνταχθεὶς
410 2515 453 2612 ἦν
477 2529 574 2593 λπποι
598 2526 631 2602 ἐς
656 2531 729 2602 ἐτος
754 2521 873 2592 ἕιίατδν
897 2527 954 2592 καὶ
977 2523 1144 2610 ύποζύγια

186 2626 391 2718 πεντακόσιαΙ
410 2627 466 2694 καὶ
491 2625 642 2712 πρόβατα
672 2625 858 2714 τρισμύρια.
895 2625 1048 2714 χρήματα
1078 2625 1145 2712 γὰρ

186 2725 251 2796 ούκ
267 2717 310 2814 ἦν
323 2724 459 2807 Ούξίοις
473 2724 554 2794 ούδὲ
572 2729 615 2812 γῆ
628 2729 684 2794 οἵα
704 2725 911 2814 ἐργάζεσθαι,
929 2724 1015 2794 ἄλλα
1029 2742 1144 2814 νομεῖς
1157 2751 1184 2793 ιε
1234 2729 1237 2734 ’

186 2827 302 2898 αύτῶν
326 2832 362 2896 οί
377 2827 496 2896 πολλοὶ
513 2813 609 2913 ἦσαν.

136 2939 176 3004 18
258 2926 313 2998 Ἐκ
327 2928 365 2997 δὲ
378 2928 502 2998 τούτου
515 2928 556 2996 τὀλ
569 2927 632 3014 μὲν
646 2929 839 3018 σκευοφόρα
852 2915 909 2997 καί
923 2928 1004 3008 τούς
1020 2938 1146 2998 Θεττα·

186 3027 269 3109 λούς
285 3030 405 3108 ἱππέας
423 3031 481 3098 καλ
498 3027 579 3106 τούς
592 3028 786 3115 ξυμμάχους
805 3030 862 3098 καὶ
880 3029 960 3109 τούς
974 3029 1147 3117 μισθοφό·

186 3157 268 3217 ρους
285 3129 367 3208 τούς
391 3131 509 3210 ξένους
532 3129 589 3196 καλ
614 3125 689 3196 ὅσοι
706 3126 800 3199 όίλλοι
817 3134 878 3199 τού
899 3130 1147 3220 στρατεύματος

185 3229 374 3318 βαρύτερον
388 3229 589 3316 ιδπλισμένοι
602 3229 665 3311 ξύν
679 3239 894 3320 Παρμενίωνι
915 3233 1084 3320 ἐκπέμπει,
1100 3229 1146 3308 ύς
1159 3256 1187 3298 ιο

188 3332 244 3398 ἐπὶ
258 3331 393 3418 Πέρσας
410 3328 503 3418 ἄγειν
520 3329 604 3398 κατδι
622 3329 683 3418 τὴν
702 3329 862 3418 ἁμαξιτὸν
879 3333 941 3420 τὴν
960 3335 994 3412 ἐς
1013 3333 1147 3418 Πέρσας

152 3433 370 3521 κφέρουσαν.
414 3430 518 3510 αύτός
542 3429 580 3500 δὲ
598 3433 678 3511 τούς
704 3433 821 3515 πεζούς
845 3433 926 3512 τούς
945 3432 1148 3511 Μακεδόνας
