2572 3920
466 178 661 232 ,ιααειτιε
678 181 707 247 ε,
721 183 746 236 4.
1048 179 1091 246 59

121 314 251 404 δεσμόν
257 367 267 404 ,
296 315 466 398 ἐξελκύσαι
483 320 546 400 ἔξω
563 325 626 388 τού
644 321 755 407 ῥυμοῦ
772 319 834 389 τδν
850 319 963 407 ζυγόν.
997 320 1089 403 ὅπως
1105 335 1124 388 8

122 415 187 504 μὲν
207 416 249 504 δή
271 417 423 516 ἐπράχθη
442 418 482 487 τά
504 417 591 508 ἀμφὶ
610 425 657 512 τῷ
678 424 789 512 δεσμῷ
808 421 915 514 τούτω
931 419 1089 504 Ἀλεξάν-

123 521 196 610 δρφ
219 514 282 587 ούκ
306 525 370 606 ἐχω
397 525 644 611 ἰσχυρίσασθαι.
680 517 857 609 ἀπηλλάγη
882 520 912 591 δ’
937 516 1001 592 ούυ
1024 521 1090 593 άπὸ

122 621 183 704 τῆς
213 616 340 706 ἁμάξης
370 617 473 702 αύτός
503 648 538 690 τε
567 621 624 689 καί
654 625 690 690 οί
716 620 801 710 ἄμφ’
827 620 934 692 αύτδν
959 618 1004 704 ὦς
1026 629 1089 692 τού

95 725 242 804 ολογῖου
267 725 327 789 τού
348 721 403 788 ἐπὶ
420 726 462 810 τῇ
482 721 576 791 λύσει
598 727 660 791 τού
683 727 811 810 δεσμοῦ
835 723 1089 812 ξυμβεβηκότος.

121 820 180 888 καὶ
197 819 263 910 γάρ
280 822 338 889 καὶ
354 825 412 909 τής
430 820 554 902 νυκτός
572 825 700 911 ἐκείνης
717 831 861 913 βρονταί
871 851 907 894 τε
919 825 976 894 καὶ
990 826 1089 905 σέλας

123 921 157 1000 ἐξ
182 919 334 1011 ούρανοῦ
360 921 587 1010 ἐπεσήμηναν·
631 924 688 992 καὶ
713 925 768 992 ἐπὶ
792 921 922 1006 τούτοις
946 932 1029 995 ἔθυε
1045 930 1089 1016 τῇ

120 1018 286 1112 ὑστεραία
300 1021 517 1112 Ἀλέξανδρος
530 1037 600 1105 τοῖς
614 1024 740 1114 φήνασι
753 1035 848 1106 θεοῖς
861 1026 902 1094 τά
913 1053 949 1096 τε
966 1040 1088 1115 σημεῖα

121 1122 258 1193 καὶτοῦ
277 1128 403 1212 δεσμοῦ
420 1123 484 1212 τήν
502 1123 609 1209 λύσιν.

84 1245 110 1286 ιο
201 1221 319 1304 Αύτδς
343 1225 382 1294 δέ
398 1231 440 1314 τή
458 1223 620 1317 ὑστεραίᾳ
638 1223 691 1296 ἐπ’
714 1224 880 1316 Ἀγκύρας
897 1233 956 1314 τῆς
975 1235 1085 1298 Γαλα-
1109 1237 1132 1304 4

123 1329 214 1410 ταιῆς
240 1326 426 1394 ἐστέλλετο·
477 1323 576 1394 κάκεῖ
598 1321 692 1419 αύτῷ
715 1334 877 1418 πρεσβεία
901 1325 1090 1415 ἀφικνεῖται

124 1425 376 1514 Παφλαγόνων,
394 1425 481 1495 τότε
499 1431 600 1507 ἔθνος
618 1426 822 1498 ἐνδιδόντων
839 1427 895 1497 καὶ
914 1429 947 1508 ἐς
966 1425 1088 1516 ὁμολο-

123 1532 204 1610 γίαν
222 1525 489 1614 ξυμβαινόντων·
523 1529 556 1606 ἐς
574 1527 612 1596 δὲ
629 1527 691 1615 τήν
707 1527 821 1618 χάραν
839 1528 902 1610 ξύν
919 1533 961 1618 τή
980 1527 1089 1598 δυνά-

123 1653 176 1713 μει
193 1625 238 1714 μή
259 1629 414 1714 ἐσβαλεῖν
432 1628 575 1698 ἐδέοντο.
600 1628 730 1710 τούτοις
747 1630 810 1718 μέυ
828 1629 870 1717 δή
888 1629 1089 1720 προστάσσει
1105 1643 1123 1694 2

86 1723 337 1814 ιεἈλέξανδρος
361 1725 546 1797 ὑπακούειν
564 1727 661 1820 Κάλᾳ
677 1735 725 1822 τῷ
744 1730 896 1820 σατράπη
914 1737 973 1817 τής
993 1741 1089 1820 Φρυ-

123 1831 209 1912 γίας.
260 1825 362 1909 αύτός
380 1829 419 1897 δὲ
437 1829 492 1897 ἐπὶ
509 1835 752 1910 Καππαδοκίας
771 1829 890 1910 ἐλάσας
908 1830 1089 1918 ξύμπασαν

122 1925 186 2014 τήν
200 1927 426 2010 ἐντδς”Αλυος
444 1935 596 2018 ποταμοῦ
613 1929 844 2018 προσηγάγετο
861 1930 918 1998 καὶ
936 1935 984 1998 ἐτι
1001 1929 1088 2020 ὑπὲρ

123 2027 182 2096 τόν
207 2027 315 2098 ’Ἁλυν
345 2029 489 2116 πολλήν·
537 2029 746 2117 καταστήσας
777 2029 815 2100 δέ
846 2035 1088 2100 Καππαδοκῶν

126 2134 298 2217 Σαβίκταν
322 2130 494 2220 σατράπην
518 2128 622 2211 αύτός
645 2137 792 2219 προῆγεν
816 2133 871 2200 ἐπὶ
894 2130 954 2212 τάς
978 2129 1088 2212 πύλας

85 2229 182 2310 εοτάς
205 2238 367 2322 Κιλικίας.
416 2232 474 2300 καὶ
503 2227 703 2320 ἀφικόμενος
737 2233 792 2300 ἐπὶ
817 2231 854 2301 τό
881 2231 1000 2322 Κύρου
1025 2237 1122 2301 τοάε

124 2330 185 2411 ξύν
210 2337 405 2419 Ξενοφῶντι
434 2331 677 2422 στρατόπεδον,
714 2329 759 2414 οἱς
782 2335 1004 2422 κατεχομένας
1028 2331 1087 2414 τάς

122 2431 233 2512 πύλας
263 2441 431 2519 φυλακαῖς
462 2439 616 2524 ἰσχυραῖς
646 2431 732 2520 εἶδε,
767 2439 995 2522 Παρμενίωνα
1024 2433 1087 2520 μὲν
1172 2463 1174 2468 ·

124 2531 232 2602 αύτού
255 2540 446 2602 καταλείπει
467 2533 534 2602 σύν
556 2549 629 2614 ταῖς
652 2533 763 2615 τάξεσι
786 2541 854 2603 τῶν
881 2539 989 2618 πεζῶν
1014 2533 1088 2604 ὅσοι

123 2633 310 2724 βαρύτερον
324 2631 525 2722 ιδπλισμένοι
536 2627 639 2722 ήσαν·
672 2631 776 2714 αύτδς
794 2635 832 2704 δέ
849 2633 937 2723 άμφὶ
950 2634 1089 2722 πρώτην

86 2733 281 2822 εεφυλακήν
312 2731 493 2822 άναλαβύν
522 2735 602 2816 τούς
630 2759 667 2804 τε
693 2732 904 2816 ὑπασπιστάς
928 2736 985 2804 καὶ
1007 2733 1087 2816 τούς

124 2834 258 2916 τοξότας
280 2837 337 2904 καὶ
360 2834 442 2917 τούς
457 2833 634 2926 Ἀγριᾶνας
658 2841 785 2925 προῆγε
808 2839 866 2923 τής
890 2835 1013 2916 νυκτός
1031 2836 1106 2904 ἐπὶι

123 2933 181 3016 τάς
190 2935 311 3022 πύλας,
327 2931 372 3016 ὦς
382 2934 423 3006 ού
438 2936 714 3025 προσδεχομένοις
727 2949 797 3016 τοῖς
810 2935 956 3023 φύλαξιν
971 2939 1085 3005 ἐπιπε-

125 3049 205 3104 σεῖν.
246 3038 303 3104 καὶ
332 3037 515 3127 προσάγων
544 3037 606 3125 μὲν
630 3033 696 3106 ούκ
719 3041 859 3124 ἔλαθεν,
890 3038 924 3116 ἐς
950 3045 1024 3106 ῖσον
1048 3037 1122 3106 δέε

125 3132 216 3228 αύτῷ
239 3137 380 3224 κατέστη
398 3135 419 3224 ή
435 3136 552 3225 τόλμα.
588 3141 623 3206 οί
637 3135 704 3227 γάρ
722 3133 871 3224 φύλακες
889 3137 1088 3226 αἰσθόμενοι

91 3232 340 3327 ιοἈλέξανδρον
364 3235 470 3306 αὐτόν
493 3236 706 3326 προσάγοντα
723 3237 876 3318 λιπόντες
893 3237 955 3326 τήν
973 3247 1086 3326 φυλα-

125 3335 186 3424 κήν
210 3335 337 3430 ᾤχοντο
361 3337 553 3427 φεύγοντες.
588 3343 632 3426 τῇ
657 3338 695 3407 δέ
717 3335 880 3430 ὑστεραία
897 3338 964 3426 άμα
981 3343 1024 3428 τῇ
1041 3341 1085 3429 ἕςο

126 3437 186 3518 ξύν
210 3445 254 3529 τή
277 3439 420 3530 δυνάμει
443 3437 534 3527 πάση
552 3435 758 3530 ὑπερβαλόν
781 3438 840 3520 τάς
858 3437 968 3521 πύλας
985 3438 1085 3507 κατί-
1126 3531 1128 3536 Ι
