2620 3924
182 128 243 194 126
534 128 784 186 unt-:Amor

182 269 341 359 στρατιάν
366 267 412 349 τίς
438 267 493 340 ἐπὶ
518 268 556 338 τδ
575 274 694 338 πεδίον
718 267 813 356 ἀγειη
836 267 972 337 καὶτὸν
990 270 1143 356 ποταμόν

182 367 222 440 ὃν
237 374 337 461 ἐχρῆν
352 373 493 458 περᾶσαι
512 370 605 439 ίόντοι
612 372 746 458 Πέρσας
760 375 935 458 γεφυροῦν
950 370 1140 440 ἐκέλευσεν·

182 470 287 550 αάτδς
305 470 343 539 δὲ
361 469 415 560 ᾔει
432 469 515 539 όδδν
529 470 678 558 χαλεπὴν
695 472 753 538 καί
766 487 925 560 τραχεῖαν
942 473 1001 540 καί
1014 471 1142 559 ταότηυ

182 570 298 662 δρόμῳ
321 571 360 640 τὸ
387 572 474 641 πολδ
493 563 561 660 ἦγε.
601 571 664 658 τὴν
681 571 743 658 μὲν
766 573 809 658 δὴ
827 571 964 660 προέτην
981 572 1140 660 φυλακην

181 673 450 763 τῶνβαρβάρων
468 675 551 762 πρὶν
568 672 679 760 φάους
702 672 868 742 έπιπεσοδν
893 675 1063 760 διέφθειρε
1084 675 1170 742 καὶε

148 777 251 842 λτάν
283 776 452 864 δευτέρων
483 775 566 854 τοδς
596 774 759 854 πολλούς·
799 778 859 860 τῆς
889 783 1004 862 τρίτης
1041 773 1080 843 δέ
1110 779 1147 843 oc

183 883 321 956 πλείους
335 877 511 964 διέφυγον,
525 877 583 944 καὶ
597 873 680 944 οὐδὲ
694 865 787 944 οὗτοι
800 881 849 954 είς
863 873 901 942 τό
916 874 1143 963 στρατόπεδον

181 975 220 1044 τὸ
241 974 500 1066 Ἀριοβαρζάνου
526 984 674 1065 ἔφυγον,
704 975 773 1044 ἀλλ’
799 976 949 1045 αότόθεν
976 974 1021 1056 οδς
1052 976 1143 1063 εἶχον
1183 1033 1188 1044 .

184 1081 218 1156 ές
241 1081 283 1144 τδι
305 1075 366 1166 ὅρη
389 1079 634 1166 πεφοβημένοι,
661 1073 746 1146 ὥστε
774 1084 895 1147 ἔλαθεν
918 1077 987 1145 ἀπὸ
1012 1078 1075 1163 τὴν
1099 1081 1143 1147 ἕω

185 1177 354 1247 έπιπεσαδν
379 1181 427 1270 τῷ
452 1180 669 1268 στρατοπέδω
688 1180 758 1246 τῶν
784 1187 975 1266 πολεμίων.Ι
999 1177 1186 1266 καλάμοιο

183 1278 247 1365 μὲν
261 1282 469 1368 προσέβαλλε
481 1282 522 1368 τῇ
542 1279 675 1370 τάφρῳ,
693 1277 761 1366 ἅμα
778 1278 816 1348 δὲ
833 1282 890 1348 καὶ
908 1283 948 1348 αί
963 1279 1143 1367 σάλπιγγες

186 1380 366 1468 ἐσήμαινον
383 1395 455 1460 τοῖς
473 1379 561 1468 ἀμφὶ
575 1379 762 1469 Κράτερον,
775 1382 832 1448 καὶ
847 1380 1018 1468 Κράτερος
1036 1402 1143 1469 προσ-

149 1482 245 1566 θῆγε
274 1485 321 1572 τῷ
355 1489 611 1569 προτειχίσματι.
658 1486 694 1548 οἱ
721 1481 870 1568 πολέμιοι
901 1481 940 1550 δὲ
973 1481 1144 1551 πάντοθεν

185 1580 369 1670 ἀμφίβολοι
385 1581 577 1668 γιγνόμενοι
594 1579 676 1650 οὐδὲ
696 1584 729 1660 ἐς
747 1596 860 1668 χεῖρας
880 1581 1037 1662 ἐλθόντες
1057 1589 1143 1669 έφυ·

184 1707 268 1768 γον,
291 1680 378 1750 ἀλλά
397 1682 611 1769 πανταχόθεν
628 1682 694 1770 γάρ
717 1692 890 1770 εἴργοντο,
912 1687 953 1770 τῇ
973 1683 1035 1770 μὲν
1049 1682 1185 1753 'Ake-1⁵

185 1782 334 1872 ξάνδρου
354 1785 581 1870 ἐπικειμένου,
604 1781 690 1871 άλλη
710 1782 747 1851 δὲ
771 1782 951 1871 τῶνάμφλ
970 1784 1144 1872 Κράτερον

186 1872 443 1972 παραθεόντων,
462 1883 547 1954 ὥστε
559 1883 823 1971 ἠναγκάσθησαν
841 1889 876 1952 ολ
891 1887 1010 1953 πολλοὶ
1029 1884 1144 1953 αὐτῶν

188 1988 221 2064 ές
239 1985 278 2053 τά
304 1993 396 2074 τείχη
420 1983 690 2073 ἀποστρέψαντες
708 1985 863 2072 φεόγειν·
894 1995 1000 2072 είχετο
1025 1985 1063 2054 δὲ
1087 1989 1144 2054 καὶ

152 2086 228 2153 9τά
253 2093 344 2174 τείχη
371 2087 455 2175 πρὸς
483 2090 552 2154 τῶν
577 2085 789 2155 Μακεδόνων
818 2084 889 2174 ἤδη.
930 2086 1144 2174 Ἀλέξανδρος

187 2186 253 2276 γάρ
266 2189 368 2255 τοῦτο
378 2185 463 2256 αάτδ
477 2183 558 2274 ὅπερ
568 2189 691 2274 ξυνέβη
704 2185 922 2276 ὑποτοπήσας
933 2195 1144 2276 Πτολεμαίου
1157 2205 1184 2247 ²⁰

187 2287 400 2357 ἀπολελοίπει
413 2286 534 2376 αὐτοά,
549 2294 667 2374 ἔχοντα
680 2291 749 2356 τάν
762 2293 868 2370 πεζῶν
883 2293 917 2369 ές
930 2297 1144 2377 τρισχιλίους,

188 2387 271 2458 ὥστε
289 2392 326 2457 ολ
340 2387 403 2476 μὲν
421 2397 570 2458 πλεῖστοι
592 2389 861 2478 τῶνβαρβάρων
887 2393 925 2460 ἐν
948 2392 1042 2478 χερσί
1061 2389 1146 2480 πρὸς

186 2496 256 2559 τῶν
271 2489 482 2560 Μακεδόνων
494 2490 740 2576 κατεκόπησαν·
760 2495 796 2558 οἱ
806 2491 844 2560 δὲ
857 2493 914 2560 καὶ
930 2494 967 2560 ἐν
980 2493 1022 2579 τῇ
1037 2493 1146 2579 φυγῇ,

188 2593 316 2680 φοβερᾷ
331 2593 510 2680 γενομένη,
523 2590 607 2660 κατὰ
620 2595 689 2658 τῶν
703 2595 861 2680 κρημνῶν
875 2595 1036 2681 ῥίψαντες
1049 2589 1147 2660 ἀποέ-

188 2700 302 2762 λοντο·
330 2691 435 2772 αάτδς
449 2697 487 2762 δε
501 2689 519 2760 δ
534 2690 788 2782 Ἀριοβαρζάνης
803 2693 867 2774 ξδν
880 2692 1008 2780 ὀλίγοις
1023 2695 1146 2762 ἱππεῦ·
1159 2714 1185 2754 2⁵

188 2814 242 2864 σιν
261 2798 294 2875 ἐς
310 2791 352 2860 τά
369 2793 430 2887 ὅρη
448 2793 633 2880 ἀπέφυγεν.

139 2898 171 2950 1⁰
260 2894 477 2986 Ἀλέξανδρος
500 2895 537 2963 δὲ
561 2897 694 2982 σπουδῇ
719 2886 819 2975 αὖθις
836 2886 917 2982 ἦγεν
936 2893 982 2976 οἱς
1007 2896 1063 2964 ἐπὶ
1087 2895 1146 2964 τὸν

188 2997 353 3086 ποταμόν,
370 2999 427 3069 καὶ
441 2997 687 3084 καταλαμβάνει
700 2992 763 3083 ἤδη
777 2999 1002 3085 πεποιημένην
1018 2995 1064 3066 ἐπ’
1080 2995 1146 3065 αό-

187 3102 249 3168 τοῦ
264 3101 433 3187 γέφυραν,
451 3099 508 3166 καί
522 3100 686 3184 διαβαίνει
700 3097 764 3176 ξδν
776 3101 818 3185 τῇ
834 3101 971 3188 στρατιᾷ
988 3097 1146 3175 εὐπετῶς.

190 3203 350 3272 ἐντεῦθεν
367 3199 405 3268 δὲ
419 3189 520 3277 αὖθις
535 3203 668 3286 σπουδῇ
687 3195 834 3284 ἤλαυνεν
850 3202 883 3279 ἐς
897 3201 1044 3288 Πέρσας,
1064 3196 1147 3266 ὥστε
1160 3222 1187 3263 ιο

190 3309 278 3388 ἔφθη
293 3299 474 3388 ἀφικέσθαι
488 3300 569 3387 πρὶν
583 3297 623 3366 τά
638 3299 789 3386 χρήματα
803 3300 1055 3388 διαρπάσασθαι
1067 3299 1147 3378 τούς

188 3393 354 3491 φόλακας.
384 3407 481 3490 ἔλαβε
499 3400 537 3469 δέ
554 3401 612 3469 καὶ
626 3399 666 3468 τά
687 3403 723 3468 έν
738 3401 978 3491 Πασαργάδαις
996 3400 1148 3491 χρήματα
