2572 3920
431 163 616 217 mmm
635 167 658 228 1,
679 166 720 216 ιο.
1027 163 1069 228 3⁷

95 301 234 391 λιμένος
261 300 347 391 πρός
372 304 441 371 τών
466 307 626 392 τριηρών·
656 307 692 372 οί
715 302 754 372 δέ
780 303 898 372 πολλοὶ
923 301 961 374 έν
979 302 1069 394 αὐτῇ

94 409 141 494 τῇ
160 402 258 473 πόλει
275 401 484 472 ἀπώλλυντο.

176 499 395 592 Ἀλέξανδρος
426 503 466 573 δέ
497 499 656 604 ξχομένης
687 503 752 592 ήδη
776 511 834 592 τῆς
859 505 988 586 πόλεως
1011 501 1103 575 ἒπλὸ

96 603 184 684 τούς
209 602 245 684 ἒς
268 604 329 692 τήν
356 610 462 692 νήσου
485 605 781 693 καταπεφευγότας
799 604 936 675 ἐπέπλει
954 601 1069 700 αύτός,

70 734 83 774 ε
98 713 267 793 κλίμακας
281 707 397 794 φέρειν
410 703 466 774 ε’πὶ
482 705 542 787 τάς
556 706 692 796 πρώρας
709 711 778 774 τών
791 713 938 796 τριηρῶν
951 707 1070 776 κελεύ-

99 827 177 892 σας,
197 800 243 886 ώς
261 805 345 874 κατά
362 805 403 874 τά
421 803 572 894 ἀπότομα
588 810 647 893 τῆς
674 807 794 896 νήσου,
812 806 968 898 καθάπερ
985 807 1071 896 πρός

98 923 229 994 τεῖχος,
249 904 286 975 ἐκ
303 911 372 976 τών
389 913 478 976 νεών
495 907 557 995 τήν
575 905 742 995 άπόβασιν
760 908 988 996 ποιησόμενος.
1025 904 1070 990 ώς
1088 923 1105 972 6

100 1007 141 1076 δὲ
160 1007 432 1077 διακινδυνεύειν
446 1005 626 1089 ἐθέλοντας
644 1007 723 1089 τούς
742 1007 780 1078 έν
797 1014 840 1098 τή
857 1009 951 1102 νήσῳ
971 1010 1069 1098 έώρα,

101 1107 215 1188 οἶκτος
233 1108 395 1196 λαμβάνει
412 1106 519 1178 αὐτόν
535 1113 604 1178 τών
622 1106 779 1199 άνδρών,
799 1109 849 1178 ὅτι
866 1117 1022 1196 γενναῖοί
1035 1137 1071 1180 τε

63 1238 87 1278 ιο
102 1211 161 1278 καὶ
179 1209 292 1278 πιστοὶ
309 1207 400 1300 αύτῷ
419 1207 609 1297 ἐφαίνοντο,
632 1211 688 1279 καὶ
706 1210 883 1280 σπένδεται
902 1211 986 1298 πρὸς
1004 1210 1071 1280 αύ-

101 1309 185 1390 τούς
217 1307 273 1379 ἐπὶ
303 1314 391 1402 τῷδε
421 1307 467 1390 ώς
498 1309 591 1402 αύτῷ
621 1309 873 1400 ξυστρατεύειν·
916 1304 1003 1398 ἦσαν
1033 1312 1072 1380 δὲ

103 1405 202 1480 οὗτοι
225 1409 428 1499 μισθοφόροι
442 1409 601 1498 Ἕλληνες
626 1409 661 1492 ἐς
685 1419 908 1502 τριακοσίους.
945 1409 1071 1492 αύτούς

104 1511 143 1580 δὲ
162 1517 371 1599 Μιλησίους,
396 1510 468 1580 ὅσοι
485 1510 530 1600 μή
549 1509 587 1582 ἓν
605 1517 648 1602 τη
666 1511 848 1600 καταλήψει
865 1517 924 1600 τῆς
942 1513 1071 1593 πόλεως

105 1620 238 1699 ἔπεσον,
259 1609 367 1699 άφῆκε
383 1613 441 1682 καὶ
459 1609 661 1702 ἐλευθέρους
679 1611 766 1682 εἶναι
785 1618 922 1682 ἔδωκεν.

69 1741 93 1781 15
162 1743 165 1749 ’
186 1717 232 1783 Os
243 1712 281 1782 δέ
293 1712 456 1802 βάρβαροι
466 1711 532 1783 άπὸ
545 1719 603 1802 τής
619 1713 783 1802 Μυκάλης
798 1711 986 1803 ὁρμώμενοι
998 1727 1070 1794 ταῖς
1089 1728 1105 1778 7

107 1814 169 1902 μὲν
186 1811 323 1903 ἡμέραις
342 1815 502 1883 ἐπέπλεον
514 1821 562 1906 τῷ
570 1811 751 1906 Ἑλληνικῷ
764 1820 925 1906 ναυτικῷ,
943 1840 1070 1902 προκα-

108 1916 270 1983 λε’σασθαι
297 1917 330 1994 ές
355 1921 547 2003 ναυμαχίαν
574 1917 773 1997 ἐλπιξοντες·
807 1912 867 1994 τάς
891 1914 930 1983 δέ
946 1914 1072 1994 νύκτας

109 2015 193 2104 πρός
211 2021 252 2104 τῇ
267 2015 416 2105 Μυκάλη
430 2011 493 2084 ούκ
508 2018 545 2084 ἐν
558 2021 650 2106 καλῷ
666 2009 859 2105 ώρμίξοντο,
878 2013 930 2084 ότι
943 2014 1072 2105 ὑδρεύ-

111 2126 207 2185 εσθαι
233 2113 299 2184 άπό
326 2121 388 2185 τοῦ
413 2115 768 2204 Μαιάνδρονποταμού
809 2123 878 2184 τών
923 2119 1073 2204 ἐκβαλών

75 2245 99 2284 w
113 2216 165 2285 διά
188 2222 320 2304 μακροῦ
347 2213 580 2303 ἠναγκάζοντο.
608 2217 827 2306 Ἀλέξανδρος
854 2217 893 2286 δὲ
918 2233 992 2299 ταῖς
1009 2218 1108 2306 μένε

111 2317 212 2386 ναυσὶ
233 2315 295 2386 τὸν
318 2318 433 2405 λιμένα
461 2317 625 2405 ἐφύλαττε
650 2321 720 2386 τών
739 2325 935 2406 Μιλησίων,
965 2314 1009 2399 ώς
1026 2317 1072 2407 μή

111 2417 278 2505 βιάσαιντο
296 2421 332 2486 oc
346 2415 510 2506 βάρβαροι
526 2417 587 2487 τόν
605 2423 771 2506 ἔσπλουν,
800 2420 959 2507 ἐκπέμπει
977 2417 1010 2486 δ’
1038 2421 1073 2498 ἐς

112 2518 170 2604 τήν
188 2517 357 2605 Μυκάλην
383 2519 555 2605 Φιλώταν,
582 2517 708 2604 άγοντα
725 2518 805 2599 τούς
822 2546 858 2587 τε
877 2520 997 2600 ίππέας
1015 2521 1073 2586 καὶ

112 2624 176 2688 τών
205 2623 313 2702 πεζῶν
341 2618 446 2700 τάξεις
476 2633 583 2708 τρεῖς,
612 2627 839 2706 παραγγείλας
867 2627 991 2706 εἴργειν
1014 2625 1074 2706 τῆς

77 2715 305 2806 ετάποβάσεως
331 2717 410 2798 τούς
433 2716 500 2788 άπό
526 2725 595 2788 τών
617 2726 715 2788 νεών.
751 2725 787 2788 οί
811 2720 859 2805 δέ,
885 2719 1009 2801 ὕδατός
1036 2746 1074 2788 τε

114 2820 228 2890 σπάνει
245 2821 302 2888 καὶ
317 2821 387 2888 τῶν
400 2819 512 2888 άλλῳν
527 2822 722 2905 ἐπιτηδείων
739 2815 843 2888 οὐδέν
857 2818 940 2888 άλλο
959 2819 1010 2889 ὅτι
1027 2819 1074 2909 μὴ

113 2919 384 3009 πολιορκούμενοι
402 2923 438 2989 ἐν
455 2935 528 3002 ταῖς
546 2927 689 3007 ναυσίν,
710 2922 744 3000 ές
764 2919 882 3008 Σάμου
901 2913 1081 2989 άπέπλευ-’

114 3041 186 3091 σαν·
215 3024 349 3091 έκεῑθεν
375 3021 413 3090 δέ
437 3021 693 3109 ἐπισιτισάμενοι
717 3013 817 3100 αὖθις
842 3021 1005 3090 ἐπέπλεον
1030 3027 1073 3110 τῇ

50 3133 64 3162 ·’
114 3123 259 3215 Μιλήτῳ.
301 3121 440 3203 καὶτὰς
466 3121 529 3211 μὲν
552 3121 678 3202 πολλάς
703 3127 773 3190 τών
798 3125 887 3190 νεών
919 3120 984 3209 πρό
1010 3127 1073 3190 τού
1090 3136 1109 3185 9

82 3225 239 3311 εολιμένος
259 3225 296 3292 ἐν
314 3223 470 3316 μετεώρῳ
494 3225 701 3312 παρέταξαν,
725 3233 760 3292 εί
772 3246 818 3309 πη
838 3224 1073 3291 ἐκκαλέσαιντο

116 3326 144 3403 ἐς
167 3323 203 3394 τό
231 3325 376 3410 πέλαγος
400 3323 481 3405 τούς
508 3323 726 3403 Μακεδόνας·
762 3325 863 3392 πέντε
892 3323 931 3392 δὲ
957 3321 1073 3391 αύτών

116 3425 330 3495 εἰσέπλευσαν
362 3431 410 3506 είς
434 3423 495 3496 τόν
518 3423 641 3515 μεταξύ
675 3429 735 3511 τῆς
766 3449 802 3492 τε
825 3421 939 3512 Λάδης
962 3421 1072 3510 νήσου
