2632 3922
10 3505 12 3584 λ

440 170 623 223 mmm
641 175 666 236 ε,
685 174 726 224 ιι.
1036 169 1103 234 235

136 327 247 420 τούτῳ
273 333 310 398 οἵ
333 355 368 397 τε
395 327 594 414 σαλπιγκταὶ
613 328 793 416 ἐσήμαινον
811 326 906 420 αύτῷ
924 327 981 396 καὶ
998 325 1104 407 αύτδς

137 429 200 516 τὴν
215 427 372 517 στρατιάν
388 428 600 518 ῶπλισμένην
613 429 719 498 τεκαὶ
733 431 1003 516 συντεταγμένην
1019 435 1104 514 ἔχων

140 529 256 616 έχῶρει
274 531 328 597 ε’πί
355 531 435 610 τούς
462 531 664 620 βαρβάρους.
705 546 776 610 τοῖς
802 530 840 598 δὲ
867 535 906 598 αλ
928 557 964 598 τε
982 529 1138 616 άμαξαιε

139 629 296 718 ἐμποδῶν
329 621 414 716 ἦσαν
446 633 503 699 καὶ
530 629 548 698 ὁ
575 631 678 718 χάραξ
712 635 749 700 ἐν
780 633 871 723 μέσφ
897 637 1106 718 καταβεβλη-

110 732 250 819 τμένος.
292 725 337 812 ῶς
363 730 401 800 δὲ
418 727 441 819 ἥ
461 757 497 800 τε
517 730 660 817 σάλπιγξ
680 732 867 819 ἐφθέγξατο
886 732 945 799 καὶ
965 734 999 799 οί
1017 730 1106 818 άμφδ

138 840 353 920 Πτολεμαῖον
372 832 585 920 προσέκειντο
606 829 734 920 αὐτοῖς,
753 832 831 912 τοὺς
851 831 902 900 άελ
924 835 1106 900 ἐκπίπτον·
1222 869 1227 878 ·

138 957 199 1012 τας
225 931 281 1002 διά
307 938 376 1001 τῶν
410 931 547 1022 άμαξῶν
573 941 852 1019 κατακαίνοντες,
887 935 1037 1001 ἐνταῦθα
1064 929 1107 1016 δι’]

140 1030 411 1121 ἀποστρέφονται
437 1025 538 1114 αὖθις
567 1037 600 1114 ές
626 1031 687 1121 τὴν
707 1034 815 1102 πόλιν.
855 1033 912 1101 καλ
930 1027 1108 1102 άπέθανον

142 1131 258 1202 αὐτῶν
285 1136 323 1203 έν
347 1137 389 1224 τῇ
417 1133 627 1223 ἀποχωρήσει
655 1139 699 1214 ἐς
715 1139 965 1214 πεντακοσίους.

101 1257 127 1298 1⁰
215 1233 270 1305 'Ev
308 1235 419 1326 τούτῳ
455 1234 493 1304 δὲ
527 1237 584 1303 καί
619 1237 738 1323 Πῶρος
778 1233 929 1322 άφίκετο,
962 1232 1040 1314 τούς
1072 1243 1145 1302 τε4

141 1335 351 1415 ὑπολοίπους
379 1335 563 1422 ἐλέφαντας
581 1333 650 1422 άμα
669 1331 705 1404 οἷ
720 1334 816 1420 άγων
833 1335 889 1403 καὶ
907 1341 975 1402 τῶν
992 1334 1109 1404 Ἰνδῶν
1223 1333 1230 1345 ’

144 1441 176 1518 ἐς
195 1442 499 1524 πεντακισχιλίους·
527 1441 567 1506 αλ
582 1463 617 1504 τε
635 1437 781 1524 μηχαναί
794 1431 1003 1526 Ἀλεξάνδρῳ
1022 1437 1108 1522 ξυμ-

142 1538 348 1626 πεπηγμέναι
381 1529 469 1625 ἦσαν
501 1538 557 1605 καὶ
590 1538 799 1626 προσήγοντο
836 1535 900 1624 ἤδη
927 1541 973 1627 τῷ
999 1542 1108 1622 τείχειζ

143 1637 228 1706 άλλά
255 1643 291 1706 οί
307 1638 516 1724 Μακεδόνες,
544 1640 626 1726 πρὶν
643 1639 701 1706 καὶ
718 1643 984 1724 κατασεισθῆναί
999 1663 1030 1706 τι
1046 1637 1108 1703 τοῦ

103 1763 129 1804 ιι
143 1746 292 1826 τείχους,
330 1738 581 1827 ὑπορύττοντές
607 1765 643 1808 τε
670 1737 769 1807 αὐτοὶ
796 1745 978 1807 πλίνθινον
1005 1732 1045 1804 δυ
1070 1736 1109 1804 τδ

143 1855 252 1925 τεῖχος
267 1839 321 1906 καὶ
341 1839 400 1919 τάς
418 1848 582 1927 κλίμακας
602 1843 639 1908 ἐν
652 1839 766 1931 κύκλςσ
781 1837 888 1926 πάντη
903 1839 1110 1926 προσθέντες

144 1945 280 2029 αίροῦσι
306 1938 390 2007 κατά
416 1941 537 2028 κράτος
553 1939 617 2027 τὴν
634 1941 740 2008 πόλιν.
777 1941 834 2007 καὶ
853 1937 1145 2024 άποδνήσκουσι5

144 2040 207 2128 μὲν
234 2043 275 2108 έν·
295 2043 339 2130 τῇ
373 2041 556 2126 καταλήψει
581 2045 651 2110 τῶν
674 2039 794 2110 Ἰνδῶν
821 2043 855 2120 ές
880 2046 1026 2128 μυρίους
1052 2039 1110 2106 καὶ
1219 2113 1221 2118 ,

74 2167 79 2176 ·
147 2144 425 2227 ἑπτακισχιλίους,
446 2141 596 2210 ἑάλωσαν
614 2141 652 2210 δὲ
670 2140 759 2229 ὑπὲρ
772 2139 832 2219 τάς
849 2139 930 2208 ἑπτά
944 2139 1112 2229 μυριάδας

106 2269 133 2308 20
146 2240 360 2329 καὶάρματα
386 2242 558 2330 τριακόσια
584 2243 641 2312 καὶ
661 2247 775 2321 ίππείς
796 2240 1018 2309 πεντακόσιοι.
1053 2245 1112 2327 τῆς

146 2343 183 2412 δὲ
210 2341 274 2424 ξύν
297 2341 503 2435 Ἀλεξάνδρῳ
530 2350 686 2428 στρατιάς
713 2341 889 2411 άπέδανον
913 2341 976 2429 μὲν
994 2340 1113 2425 ὀλίγον

146 2444 347 2523 άποδέουτες
379 2447 451 2530 τῶν,
485 2443 605 2513 ἑκατὸν
638 2448 676 2512 ἐν
708 2447 749 2531 τῇ
784 2443 875 2532 πάσῃ
912 2449 1109 2530 πολιορκίᾳ·

146 2550 346 2632 τραυματίαι
379 2543 417 2612 δὲ
447 2543 488 2612 ού
521 2545 605 2612 κατά
637 2543 675 2612 τδ
712 2547 840 2630 πλῆθος
875 2549 946 2611 τῶν
981 2544 1113 2628 νεκρῶν

149 2645 319 2732 ἐγένοντο,
345 2641 420 2711 ἀλλ’
448 2637 536 2731 ύπδρ
561 2645 642 2724 τούς
669 2652 798 2730 χιλίους
825 2645 882 2712 καὶ
905 2649 1112 2728 διακοσίους,

17 2840 21 2851 ¹
108 2746 205 2812 τεκαὶ
233 2746 269 2811 έν
294 2743 425 2822 τούτοις
451 2749 520 2810 τῶν
545 2737 721 2832 ἡγεμόνων
748 2742 842 2812 άλλοι
866 2767 902 2812 τε
927 2743 984 2811 καὶ
1002 2750 1114 2814 Λυσί-

148 2871 253 2933 μαχος
280 2840 299 2912 δ
327 2844 580 2930 σωματοφύλαξ.

227 2943 347 3026 Θάψας
374 2944 413 3012 δέ
439 2939 485 3025 ῶς
510 2945 614 3032 νόμος
640 2941 733 3036 αύτῷ
751 2943 831 3025 τούς
849 2943 1147 3030 τελευτήσανταςσ

150 3043 288 3134 Εύμένη
314 3043 375 3118 τδυ
401 3047 596 3132 γραμματέα
614 3047 773 3132 ἐκπέμπει
792 3047 824 3126 ἐς
842 3044 901 3125 τάς
920 3045 984 3114 δύο
1003 3043 1114 3125 πόλεις

148 3147 207 3228 τάς
226 3147 488 3232 ξυναφεστώσας
506 3163 575 3226 τοῖς
593 3147 796 3233 Σαγγάλοις,
824 3145 908 3227 δούς
934 3143 1029 3238 αύτῷ
1044 3153 1114 3214 τῶν

110 3251 281 3318 τοίππέων
308 3251 342 3328 ἐς
367 3255 592 3336 τριακοσίους,
619 3247 794 3336 φράσοντα
819 3263 890 3328 τοῖς
916 3254 1030 3333 έχουσι
1055 3246 1128 3325 τάς

151 3351 262 3430 πόλεις
280 3351 349 3416 τῶν
366 3376 402 3417 τε
423 3348 613 3434 Σαγγάλων
630 3349 692 3437 τὴν
711 3347 836 3418 ἅλωσιν
854 3351 911 3418 καὶ
929 3347 979 3416 ὅτι
996 3345 1114 3424 αὐτοῖς

150 3449 252 3520 οὐδέν
281 3457 371 3520 ἔσται
388 3449 536 3537 χαλεπὸν
557 3451 590 3531 ἐξ
605 3449 826 3541 Ἀλεξάνδρου
850 3449 1064 3540 ὑπομένουσί
1079 3473 1115 3516 τε
