2620 3924
499 139 775 204 εειεοιειεε,ιε.
1073 137 1134 204 125

158 275 355 369 άναλαβῶν
381 281 528 368 καὶιτὴν
554 285 661 348 ἵππον
686 280 748 366 τὴν
777 278 942 368 ἑταιρικὴν
957 281 1027 349 καὶ
1052 280 1135 361 τούς

161 383 388 472 προδρόμους
405 384 527 462 ίππέας
541 383 599 450 καὶ
616 381 698 460 τούς
713 380 889 469 Ἀγριᾶνας
902 383 959 450 καὶ
977 380 1058 463 τούς
1075 408 1135 450 το-

161 483 271 564 ξότας
289 482 342 572 γ’γέι
355 486 489 572 σπονδῇ
508 483 571 570 τὴν
589 483 643 552 διά
661 487 731 550 τῶν
749 481 849 570 ὀρῶν.
882 481 928 561 ῶς
946 481 983 551 δὲ
999 484 1055 551 ἐπὶ
1074 483 1135 562 τάς

162 585 286 662 πύλας
302 584 553 673 τάςΠερσίδας
577 582 735 674 ἄφίκετο,
759 583 1008 672 καταλαμβάνει
1026 581 1133 652 αὐτοῦ

132 685 427 774 εἈριοβαρζάνην
440 685 502 754 τόν
520 688 664 773 Περσῶν
682 685 870 772 σατράπην,
880 685 1006 767 ,πεζούς
1019 684 1082 773 μὲν
1101 687 1136 764 ἐς

160 794 472 875 τετρακισμυρίους
493 793 628 874 ἔχοντα,
651 787 774 866 ίππέας
792 785 830 854 δὲ
849 789 882 865 ἐς
902 788 1135 872 ἑπτακοσίους,

163 887 429 974 διατετειχικότα
446 887 506 967 τοὶς
530 887 642 966 πύλας
665 889 723 955 καὶ
742 886 849 956 αὐτοῦ
870 887 954 974 πρὸς
971 892 1019 978 τῷ
1037 895 1137 973 τείχει

105 1045 110 1056 .
165 989 511 1076 ἐστρατοπεδευκότα,
531 989 577 1068 ῶς
595 999 720 1077 εἴργειν
737 993 795 1074 τῆς
809 988 964 1076 παρόδου
978 987 1136 1070 Ἀλέξαν-

163 1097 267 1180 δρον.
643 1102 651 1116 ’

125 1218 152 1258 ιο
257 1191 339 1278 Τότε
352 1191 414 1278 μὲν
428 1191 469 1277 δὴ
488 1189 595 1259 αὐτοῦ
610 1190 1014 1277 κατεστρατοπεδεύσατο·
1042 1193 1083 1278 τῇ
1097 1188 1137 1259 δὲ
1154 1203 1171 1252 3

164 1291 338 1382 ύστεραίηι
362 1292 527 1373 ξυντάξας
552 1290 615 1376 την
639 1291 798 1378 στρατιάν
822 1293 924 1376 ἐπῆγε
954 1293 1001 1381 τῶ
1027 1299 1135 1376 τείχει.

168 1393 219 1472 ῶς
239 1393 278 1462 δὲ
295 1391 426 1482 ἄπορόν
443 1421 479 1461 τε
496 1392 551 1461 διὰ
569 1397 766 1480 δυσχωρίαν
784 1394 941 1477 ἐφαίνετο
960 1393 1138 1478 αἱρεθῆναι

167 1497 231 1562 καὶ
259 1495 387 1574 πολλάς
415 1493 545 1581 πληγάς
579 1497 616 1560 οί
639 1490 720 1580 ἀμφ’
748 1490 856 1560 αὐτόν
884 1492 1075 1580 ἐλάμβανον
1104 1494 1137 1573 ἐξ

167 1595 379 1684 ὑπερδεξίου
397 1621 433 1664 τε
446 1603 574 1683 χωρίου
592 1594 649 1661 καὶ
667 1591 734 1661 άπὸ
748 1595 907 1682 μηχανῶν
925 1593 1137 1681 βαλλόμενοι,

128 1723 155 1765 ιε
167 1697 252 1764 τότε
260 1695 322 1784 μὲν
332 1695 504 1786 άποχωρεί
517 1699 550 1775 ἐς
563 1693 601 1762 τὸ
615 1694 856 1781 στρατόπεδον·
883 1697 953 1762 τῶν
966 1693 1004 1762 δὲ
1013 1702 1137 1782 αίχμα-
1154 1705 1172 1755 4

170 1797 294 1866 λύτων
312 1797 518 1886 φρασάντονν
536 1795 642 1882 άλλην
660 1793 743 1868 όδόν
761 1795 927 1882 περιάξειν
944 1793 1068 1894 αὐτόν,
1092 1795 1138 1874 ῶς

171 1910 257 1967 είσω
276 1907 461 1987 παρελθεῖν
474 1902 544 1965 τῶν
562 1899 693 1982 πυλῶν,
714 1899 786 1964 ἐπεὶ
803 1911 962 1990 τραχεῖαν
974 1894 1037 1981 τὴν
1054 1893 1138 1964 ὁδὸν
1197 1960 1200 1968 .

172 2001 234 2068 καὶ
249 2001 369 2086 στενὴν
385 1999 541 2083 ἐπύθετο,
561 1997 736 2086 Κράτερον
749 1995 811 2084 μὲν
825 1995 933 2064 αὐτοῦ
947 2004 1139 2066 καταλείπει

115 2155 123 2162 .
175 2102 234 2168 ἐπὶ
264 2101 512 2187 στρατοπέδου,
535 2098 597 2186 τήν
624 2125 660 2166 τε
685 2097 792 2166 αύτοῦ
816 2097 914 2178 τάξιν
939 2103 1057 2184 ἔχοντα
1081 2100 1138 2165 καὶ

133 2201 241 2287 εοτὴν
269 2201 472 2289 Μελεάγρου
496 2202 554 2268 καί
578 2203 647 2267 τῶν
666 2201 811 2283 τοξοτῶν
830 2198 970 2284 ὀλίγους
994 2200 1051 2266 καὶ
1069 2201 1139 2266 τῶν

178 2303 311 2372 ἱππέων
327 2305 360 2382 ἐς
374 2309 629 2387 πεντακοσίους,
643 2301 699 2368 καὶ
714 2300 911 2389 προστάττει
925 2298 1033 2390 αύτῷ,
1049 2302 1138 2368 ίπει-
1156 2313 1173 2363 5

176 2403 244 2472 δάν
255 2403 556 2492 ἐκπεριεληλυθότα
565 2400 673 2472 αὑτὸν
687 2411 845 2489 αἴσθηται
857 2401 914 2468 καὶ
925 2400 1139 2489 προσάγοντα

176 2503 242 2592 ἤδη
255 2509 302 2596 τῷ
318 2505 532 2594 στρατοπέδῳ
545 2505 615 2572 τῶν
629 2505 773 2591 Περσῶν
788 2500 1027 2590 (αἰσθήσεσθαι
1041 2500 1079 2569 δὲ
1097 2499 1138 2570 ού

178 2608 345 2692 χαλεπῶς,
364 2621 526 2693 σημανεῖν
549 2604 616 2691 γάρ
639 2603 733 2693 αύτῷ
750 2605 812 2683 τάς
830 2600 1044 2690 σάλπιγγας),
1063 2602 1140 2678 τότε

138 2732 166 2772 ει
180 2705 218 2776 δὲ
236 2713 442 2794 προσβαλεῖν
459 2709 506 2797 τῷ
524 2714 641 2792 τείχει·
668 2703 772 2784 αὐτὸς
791 2703 829 2772 δὲ
843 2702 1034 2792 προύχύρει
1051 2703 1138 2770 νύιιΑ

178 2835 260 2895 τωρ,
277 2810 334 2876 καὶ
349 2806 495 2876 διελθῶν
509 2803 589 2874 ὅσον
605 2805 724 2873 ἑκατὸν
739 2809 897 2882 σταδίους
912 2803 1140 2891 άναλαμβάνει

179 2907 260 2988 τούς
279 2907 491 2988 ύπασπιστάς
509 2907 565 2975 καὶ
589 2905 651 2992 τὴν
670 2910 862 2993 Περδίκκου
885 2905 978 2984 τάξιν
996 2905 1140 2972 καὶτῶν

179 3011 324 3090 τοξοτῶν
347 3009 430 3090 τούς
452 3007 686 3096 κουφοτάτους
703 3007 766 3074 ,καὶ
786 3007 867 3084 τούς
887 3002 1064 3093 Ἀγριᾶνας
1082 3007 1139 3073 καὶ

179 3113 247 3178 τῶν
267 3113 410 3198 ἑταίρων
427 3110 490 3198 τὴν
509 3118 585 3197 ίλην
602 3109 664 3196 την
680 3107 856 3196 βασιλικὴν
870 3107 927 3174 καὶ
940 3113 1140 3195 τετραρχίαν

143 3236 169 3279 ιι
181 3212 265 3299 πρὸς
280 3213 389 3300 ταύτη
408 3218 491 3298 μίαν
511 3209 662 3296 ἱππικήν,
686 3210 744 3278 καὶ
762 3209 826 3290 ξύν
843 3207 975 3286 τούτοις
993 3205 1046 3296 ᾔει
1066 3210 1139 3276 ἐπι*

179 3313 315 3400 κάμψας
334 3311 380 3392 ῶς
400 3313 455 3380 ἐπὶ
473 3311 533 3390 τάς
558 3310 668 3390 πύλας
694 3307 735 3380 ἵν’
761 3315 797 3378 οί
817 3308 1021 3396 αἰχμάλωτοι
1044 3297 1137 3396 ἦγον.

177 3411 345 3502 Ἀμύνταν
375 3412 414 3483 δὲ
441 3413 499 3482 καὶ
524 3411 680 3481 Φιλύταν
710 3411 767 3479 καὶ
793 3417 921 3480 Κοῖνον
946 3409 1009 3498 τὴν
1032 3406 1173 3496 άλληνί
