2632 3922
476 146 661 200 mmm
679 151 703 214 6,
722 150 761 200 τι
1037 146 1103 211 265

134 329 170 374 τε
188 310 451 393 προσγίγνονται
464 302 673 397 Ἀλεξάνδρῳ
691 303 918 394 τριακόντοροι
930 305 987 374 καλ
1000 312 1101 374 πλοῖα

135 404 328 494 στρογγύλα
360 403 462 492 ἀλλα,
503 403 524 474 δ
557 405 599 494 δὴ
633 409 670 475 ἐν
701 405 849 494 Ξάθροις
881 405 1102 494 ἐναυπηγήθη

137 504 247 598 αὐτῷ,
280 513 317 574 οἳ
347 504 389 592 δὴ
424 507 482 574 καλ
514 505 597 576 ἀλλο
633 513 732 587 ἔθνος
761 503 880 576 Ἰνδόν
911 505 1100 595 αὐτόνομον

135 606 408 696 προσεχώρησαν.
458 609 516 676 καὶ
543 607 633 697 παρὰ
658 605 862 704 Ὀσσαδίων,
895 607 953 676 καὶ
978 607 1100 677 τούτου

107 707 258 794 ιγόνονς
285 705 475 795 αὐτονόμου
498 706 660 797 Ἰνδικοῦ,
694 709 848 797 πρέσβεις
874 701 977 796 ἧκον,
1009 711 1100 778 ε’νδι-

135 807 253 887 δόντες
279 809 337 876 καὶ
363 798 465 878 οῦτοι
482 808 563 888 τοῦς
586 806 795 888 Ὀσσαδίους.
850 814 1007 901 Φιλίππῳ
1039 809 1136 896 μὲν2.

135 907 177 996 δη
204 913 262 995 τῆς
290 914 495 997 σατραπείας
521 909 623 998 ὅρους
651 911 743 991 ἔταξε
768 907 828 988 τάς
853 907 1022 998 συμβολάς
1039 915 1102 979 τοῦ

134 1035 171 1077 τε
193 1005 367 1078 Ἀκεσίνου
393 1011 450 1078 καὶ
472 1007 604 1099 Ἰνδοῦ,
636 1011 693 1080 καλ
718 1008 892 1078 ἀπολείπει
918 1009 981 1092 ξῦν
1007 1008 1102 1102 αὐτῷ

135 1109 216 1190 τοῦς
241 1135 277 1178 τε
303 1115 440 1200 Θρᾷκας
467 1109 595 1194 πάντας
620 1113 677 1180 καί
696 1115 733 1182 ἐκ
750 1115 819 1180 τόν
836 1109 961 1193 τάξεων
979 1107 1052 1180 ὅσοι
1069 1115 1102 1192 ἐς

96 1237 122 1278 ιο
137 1208 293 1298 φυλακην
324 1213 384 1297 τῆς
416 1207 527 1299 χώρας
561 1213 671 1280 ἱκανοὶ
703 1214 892 1299 ε’φαίνοντο.
943 1211 1047 1307 πόλιν
1067 1239 1102 1282 τε

139 1315 291 1382 ἐνταῦθα
308 1318 419 1380 κτίσαι
439 1313 614 1382 ἐκέλευσεν
629 1307 683 1381 ἐπ’
701 1309 790 1400 αὐτῇ
803 1315 845 1400 τῇ
864 1313 1015 1402 ξυμβολῇ
1028 1327 1102 1382 τοίν

136 1427 314 1500 ποταμοῖν,
342 1413 481 1493 ἐλπίσας
506 1413 656 1502 μεγάλην
673 1440 709 1482 τε
727 1419 864 1483 ἔσεσθαι
881 1414 938 1482 καλ
956 1415 1102 1501 ἐπιφανῆ
1159 1478 1166 1491 ,

138 1514 170 1594 ἐς
191 1509 410 1600 ἀνθρώπους,
430 1513 488 1582 καλ
507 1519 710 1594 νεωσοίκους
723 1519 914 1602 ποιηθῆναι.
943 1515 1101 1605 ἐντούτῳ
1119 1539 1137 1587 3
1239 1557 1242 1566 ι

137 1613 175 1682 δὲ
189 1615 245 1682 καὶ
254 1613 434 1704 Ὀξυάρτης
448 1613 466 1682 ό
481 1613 655 1703 Βάκτριος,
669 1613 687 1684 ό
699 1613 858 1703 Ῥωξάνης
871 1619 928 1703 της
941 1615 1101 1702 γυναικός

97 1709 357 1804 ιεἈλεξάνδρου
389 1715 518 1804 πατήρ,
557 1707 617 1804 ἧκε
649 1713 730 1804 παρ’
761 1713 998 1803 Ἀλέξανδρον·
1043 1715 1101 1784 καλ

137 1822 360 1905 προστίθησιν
398 1811 493 1908 αὐτῷ
526 1822 827 1906 Παραπαμισαδῶν
867 1816 1100 1904 σατραπεύειν,
1134 1828 1136 1832 ‘

137 1914 329 2000 ἀπαλλάξας
353 1917 548 2006 Τιρυάσπην
573 1913 634 1986 τὸν
660 1917 813 2007 πρόσθεν
840 1917 1025 2006 σατράπην,
1051 1916 1102 1986 ότι

137 2016 200 2088 οὐκ
246 2020 283 2088 ἐν
327 2017 442 2110 κόσμῳ
479 2019 672 2106 ἐξηγεῖσθαι
710 2015 804 2110 αὐτῷ
844 2014 863 2086 ὁ
911 2017 1103 2106 Τιρυάσπης

139 2117 323 2206 ἐξήγγελτο·
649 2129 652 2136 ’

98 2244 124 2286 ιο
206 2214 321 2290 Ἔνθα
341 2217 382 2305 δὴ
404 2219 598 2309 διαβιβάσας
613 2217 788 2310 Κράτερόν
801 2219 906 2288 τεκαὶ
924 2225 983 2306 τῆς
999 2239 1100 2309 στρα-
1120 2244 1137 2292 4

137 2323 208 2400 τιάς
234 2318 297 2406 την
323 2320 453 2408 πολλὴν
478 2323 537 2392 καί
559 2319 641 2402 τοῦς
667 2322 850 2410 ἐλέφαντας
870 2319 923 2390 ἐπ’
943 2315 1102 2409 ἀριστερά

25 2443 29 2450 ’
138 2424 199 2490 τοῦ
223 2418 336 2490 Ἰνδοῦ
366 2428 533 2510 ποταμοῦ,
560 2420 608 2492 ότι
633 2421 851 2512 εῦποροότιρά
876 2445 913 2492 τε
937 2420 1044 2510 ταῦτη
1063 2421 1104 2490 τά

139 2519 230 2609 παρά
258 2519 320 2589 τόν
347 2520 499 2610 ποταμόν
518 2529 656 2613 στρατιᾷ
673 2531 795 2614 βαρείην
813 2524 970 2610 ἐφαίνετο
987 2523 1044 2590 καὶ
1061 2520 1101 2590 τά

141 2627 223 2707 ἔθνη
248 2619 289 2688 τά
316 2620 561 2712 προσοικοῦντα
587 2621 628 2690 οῦ
655 2623 763 2710 πάντη
795 2631 892 2710 φίλια
917 2614 974 2710 ἦν,
1001 2619 1104 2702 αότός

101 2747 126 2789 τι
139 2723 295 2790 κατέπλει
313 2723 347 2802 ἐς
364 2725 433 2790 τάν
448 2722 593 2808 Σόγδων
612 2719 648 2790 τό
668 2728 848 2810 βασίλειον.
875 2725 933 2790 καὶ
952 2723 1105 2792 ἐνταῦθα
1260 2741 1295 2808 q

141 2820 240 2892 πόλιν
278 2846 315 2890 τε
346 2823 496 2908 ἐτείχιζεν
527 2819 633 2909 ἀλλην
667 2822 723 2890 καλ
757 2827 981 2902 νεωσοίκους
1002 2824 1106 2890 ἐποίει

142 2921 265 3004 ἀλλους
291 2924 349 2990 καλ
374 2921 415 2992 τά
442 2930 545 2993 πλοία
571 2921 664 3016 αὐτῷ
695 2920 737 2991 τά
772 2921 993 3012 πεπονηκότα
1027 2925 1103 2992 ἐπε-

140 3024 324 3110 σκευάσθη.
356 3028 416 3110 τῆς
433 3022 472 3092 δὲ
498 3022 564 3094 ἀπό
581 3027 648 3094 τάν
667 3025 847 3113 ξυμβολῦν
863 3027 925 3094 τοῦ
942 3049 977 3094 τε
992 3022 1102 3094 Ἰνδοῦ

139 3127 196 3196 καὶ
219 3123 393 3196 Ἀκεσίνου
420 3123 531 3214 γάρος
557 3130 631 3196 ἔστε
658 3126 714 3196 ἐπὶ
731 3125 911 3196 θάλασσαν
929 3123 1109 3214 σατράπην
1151 3143 1153 3148 ·

100 3252 126 3294 ιο
140 3225 312 3308 ἀπέδειξεν
325 3225 510 3316 Ὀξυάρτην
535 3227 592 3296 καὶ
609 3234 773 3300 Πείθωνα
799 3225 862 3310 ξῦν
886 3231 929 3315 τῇ
954 3233 1102 3316 παραλία

140 3326 233 3417 πόση
260 3331 320 3412 τῆς
343 3325 462 3396 Ἰνδῦν
488 3329 560 3415 γῆς.

214 3428 282 3500 Καὶ
292 3427 464 3519 Κράτερον
477 3429 540 3518 μὲν
554 3427 712 3518 ἐκπέμπει
721 3419 823 3509 αῦθις
835 3429 949 3518 ξδντῇ
965 3426 1102 3517 στρατιᾷ
1120 3455 1137 3505 5
