2572 3920
203 151 247 216 46
560 149 814 207 ιιοωιαωου

170 308 188 358 8
281 297 508 381 Παρμενίωνα
525 289 564 360 δὲ
581 291 701 378 πέμπει
715 290 770 358 ἐπὶ
784 288 960 378 Σάρδεων,
979 287 1061 370 δυάς
1075 285 1168 381 αὐτῷ

204 399 322 463 τόντε
336 395 477 478 ἑταίρων
492 395 676 480 ἱππαρχίαν
688 391 744 459 καλ
757 389 837 471 τούς
848 389 1034 470 Θετταλοάς
1049 391 1169 470 ίππέας

204 495 263 562 καί
280 491 360 573 τούς
378 491 503 572 ἄλλους
521 491 712 580 ξυμμάχους
738 491 794 560 καλ
824 490 882 572 τάς
906 489 1032 580 ἁμάξας
1056 489 1167 578 άγειν·

205 595 262 662 καὶ
293 592 422 662 κελεύει
451 593 604 680 προϊέναι
632 589 698 660 άπὸ
726 591 889 681 Σάρδεων
922 593 976 660 ἐπὶ
1004 598 1168 679 Φρυγίαν.

205 692 308 774 αὐτός
326 693 365 762 δέ
382 693 438 762 έπλ
452 699 583 772 Λυκίας
600 719 637 761 τε
653 692 710 760 καὶ
729 701 932 781 Παμφυλίας
950 691 1019 782 ᾔει,
1048 687 1093 773 οἱς
1110 697 1169 780 τῆς
1194 713 1209 756 ι

205 800 372 884 παραλίου
382 793 547 884 κρατήσας
556 790 693 882 άχρεῑον
706 799 906 881 καταστῆσαι
918 807 987 873 τοῖς
1001 802 1169 881 πολεμίοις

171 895 243 965 4τὸ
267 895 436 964 ναυτικόν.
474 894 530 963 καὶ
554 897 688 984 πρῶτον
709 892 773 982 μὲν
792 896 828 964 έν
846 893 983 987 παρόδῳ
1001 894 1168 982 Ὕπαρνα,

205 993 491 1085 χωρίονβχυρόν,
518 993 677 1083 φυλακην
694 1001 770 1082 ἔχον
788 996 905 1076 ξένους
922 995 1169 1084 μισθοφόρους,

207 1100 240 1178 έξ
264 1095 391 1184 ἐφόδου
416 1101 549 1182 ἔλαβεν·
590 1099 626 1164 οί
647 1087 681 1188 δῖ
706 1097 743 1164 ἐκ
765 1101 824 1183 τῆς
847 1095 951 1187 ἄκρας
975 1096 1063 1177 ξένοι
1079 1093 1168 1164 ὑπό-

208 1201 348 1266 σπονδοι
367 1198 522 1284 ἐξῆλθον.
562 1186 675 1265 ἔπειτα
693 1194 859 1282 είσβαλοὶν
878 1199 911 1276 ές
929 1203 1063 1268 Λυκίαν
1085 1205 1167 1266 Τελ-
1183 1219 1212 1260 ιο

205 1298 342 1386 μισσέας
359 1295 423 1384 μέν
440 1295 603 1387 ὁμολογίᾳ
619 1296 863 1385 προσηγάγετο·
891 1297 1037 1386 περάσας
1055 1297 1093 1366 δέ
1109 1295 1169 1366 τόν

206 1396 345 1480 Ξάνθον
367 1396 517 1486 ποταμόν
534 1403 670 1486 Πίναρα
687 1398 744 1466 καὶ
761 1397 899 1476 Ξάνθον
917 1395 980 1484 τὴν
998 1397 1095 1466 πόλιν
1113 1398 1169 1465 καλ

208 1499 349 1585 Πάταρα
362 1496 546 1568 ἐνδοθέντα
559 1503 679 1584 ἔλαβεν
688 1497 744 1568 καί
753 1493 839 1567 ἄλλα
850 1498 974 1568 ἐλάττω
983 1506 1169 1586 πολίσματα

208 1598 243 1680 ές
260 1597 447 1690 τριάκοντα.

174 1716 190 1765 ο
289 1705 403 1770 Ταῦτα
425 1696 636 1789 καταπράξας
661 1695 699 1769 ἓν
722 1694 812 1790 άκμῇ
835 1699 900 1788 ἤδη
924 1705 985 1770 τοῦ
1008 1705 1168 1789 χειμῶνος
1182 1724 1211 1766 ιι

208 1798 243 1882 ές
260 1799 323 1889 τὴν
338 1800 498 1871 Μιλυάδα
516 1801 728 1889 καλουμένην
745 1805 859 1888 χώραν
877 1798 1083 1889 έσβάλλει,ἣ
1102 1807 1170 1870 ἔστι

207 1902 269 1990 μὲν
282 1907 339 1989 τῆς
352 1900 499 1990 μεγάλης
511 1909 674 1991 Φρυγίας,
690 1902 856 1982 ξυνετέλει
870 1901 908 1970 δέ
921 1899 956 1982 ές
965 1900 1027 1988 τὴν
1037 1908 1169 1971 Λυκίαν

206 2001 299 2089 τότε,
327 2001 433 2082 οὕτως
458 1999 495 2072 έκ
518 2003 679 2089 βασιλέως
702 2001 849 2089 μεγάλου
867 2003 1077 2090 τεταγμένον.
1113 2003 1169 2070 καὶ

208 2101 361 2172 ἐνταῦθα
385 2108 584 2189 Φασηλιτῶν
610 2103 762 2188 πρέσβεις
787 2095 871 2188 ἧκον
897 2105 975 2191 περὶ
998 2109 1110 2189 φιλίας
1133 2129 1169 2172 τε

207 2204 265 2272 καί
286 2207 402 2294 χρυσῷ
427 2201 582 2295 στεφάνῳ
607 2207 818 2289 στεφανῶσαι
839 2201 1073 2290 Ἁλέξανδρον·
1113 2203 1208 2271 καλω

207 2302 295 2392 ὑπὲρ
341 2308 411 2371 τιόν
453 2300 569 2372 αὐτῶν
611 2302 924 2392 ἐπικηρυκευόμενοι
966 2302 1170 2392 ἐπρέσβευον

175 2418 192 2468 ο
209 2410 348 2474 Λυκίων
364 2409 433 2472 τοῖν
450 2402 540 2472 κάτω
557 2407 593 2472 οί
607 2409 732 2472 πολλοί.
763 2401 977 2494 Ἀλέξανδρος
996 2405 1035 2474 δέ
1050 2421 1170 2491 Φαση-

111 2534 113 2539 ·
209 2511 302 2586 λίτας
324 2531 360 2574 τε
389 2504 447 2572 καὶ
470 2509 618 2584 Λυκίους
646 2509 857 2588 παραδοῦναι
878 2505 937 2586 τάς
968 2505 1079 2586 πόλεις
1100 2521 1170 2585 τοῖς

210 2605 268 2676 ἐπὶ
284 2603 393 2698 τοότφ
412 2605 638 2692 στελλομένοις
656 2601 825 2674 ἐκέλευσε·
857 2607 914 2674 καὶ
931 2606 1171 2694 παρεδόθησαν

209 2705 387 2794 ξόμπασαι.
415 2703 517 2799 αὐτός
534 2705 572 2774 δὲ
585 2701 703 2791 ὀλίγον
715 2703 857 2793 ὕστερον
871 2702 906 2786 ἐς
919 2706 980 2794 τὴν
996 2713 1170 2794 Φασηλίδα
1182 2729 1209 2770 ω

209 2805 478 2894 παραγενόμενος
502 2807 692 2896 συνεξαιρεῖ
716 2805 831 2887 αὐτοῖς
849 2806 1014 2897 φρούριον
1032 2807 1170 2896 ὀχυρόν,

210 2905 506 2996 ἐπιτετειχισμένον
518 2913 560 2997 τῇ
574 2907 666 2998 χάρη
680 2906 763 2995 πρός
778 2913 942 2996 Πισιδῶν,
961 2908 1044 2978 ὅθεν
1058 2907 1171 2997 ὁρμά-

209 3022 304 3096 μευοῑ
323 3013 358 3076 oc
378 3007 543 3097 βάρβαροι
568 3003 674 3076 πολλά
697 3013 864 3094 ἔβλαπτον
887 3015 955 3080 τῶν
976 3013 1172 3098 Φασηλιτῶν

209 3106 290 3188 τοάς
313 3106 376 3194 τὴν
397 3113 462 3195 γῆν
480 3109 727 3196 ἐργαζομένους.

158 3217 201 3283 25
275 3207 347 3278 Ἔτι
366 3207 404 3276 δέ
423 3205 517 3298 αὐτῷ
537 3208 615 3294 περὶ
627 3207 689 3294 τὴν
705 3215 879 3296 Φασηλίδα
892 3210 964 3280 ὄντι
977 3211 1170 3299 έξαγγέλλε·
1185 3236 1211 3276 ιο

210 3336 263 3376 ται
282 3304 503 3396 Ἀλέξανδρον
525 3305 586 3378 τόν
608 3305 770 3398 ’Λερόπου
797 3312 1041 3399 ἐπιβουλεύειν,
1072 3309 1114 3380 τά
1136 3340 1173 3380 τε

210 3405 297 3478 ἄλλα
319 3413 388 3477 τόν
412 3409 552 3498 ἑταίρων
575 3406 656 3478 ὄντα
680 3411 737 3478 καὶ
761 3411 798 3479 έν
820 3417 867 3504 τῷ
890 3412 964 3482 τότε
988 3419 1171 3482 Θεσσαλῶν
