2572 3920
202 146 245 210 36
557 139 806 197 κατέκαινον

205 292 240 356 οί
255 285 383 376 μᾶλλόν
400 311 431 353 τι
449 290 624 372 σημαίνειν
637 282 687 352 ὅτι
701 285 737 350 ἐκ
755 287 815 370 χής
828 281 982 370 κρατήσει
999 286 1059 351 τοῦ
1073 291 1172 368 Περ·

205 393 276 458 σῶν
293 389 465 456 ναυτικοῦ,

156 497 196 563 19
282 489 350 558 Καὶ
376 489 412 556 ἐν
436 485 542 578 τούτῳ
561 481 795 572 Γλαύκιππος,
822 479 906 573 άνήρ
926 489 1000 552 τῶν
1017 489 1170 571 δοκίμων

206 594 243 658 ἐν
262 588 413 680 Μιλήτῳ,
433 587 636 674 ἐκπεμφθεὶς
654 585 745 674 παρά
761 583 981 674 Ἀλέξανδρον
998 583 1088 673 παρά
1104 589 1169 652 τού

206 690 314 778 δήμου
328 689 431 758 τεκαὶ
446 695 514 756 τῶν
528 689 633 769 ξένων
646 690 715 756 τῶν
728 685 958 774 μισθοφόρων,
975 680 1025 766 οἷς
1038 685 1169 772 μᾶλλόν
1198 713 1213 754 τ

205 819 237 860 τι
252 791 472 877 ἐπετέτραπτο
485 786 506 874 ή
521 787 631 873 πόλις,
649 787 690 856 τά
703 813 739 856 τε
753 793 842 874 τείχη
856 793 919 873 ἔφη
940 787 1069 854 ἐθέλειν
1087 783 1169 864 τούς

206 897 396 978 Μιλησίους
419 889 476 957 καλ
493 887 573 969 τούς
598 889 733 976 λιμένας
752 889 907 976 παρέχειν
925 885 1059 966 κοινούς
1073 883 1166 974 Ἀλε-

206 991 338 1084 ξάνδρφ
357 991 413 1058 καὶ
427 990 586 1075 Πέρσαις·
605 990 661 1057 καλ
679 988 742 1075 τήν
755 994 951 1078 πολιορκίαν
966 988 1022 1056 ἐπὶ
1039 984 1169 1066 τούτοις

173 1107 189 1156 2
207 1092 300 1162 λύειν
322 1090 428 1180 ήξίου.
461 1089 678 1178 Ἀλέξανδρος
696 1089 734 1158 δὲ
752 1095 960 1180 Γλαυκίππῳ
978 1087 1041 1176 μὲν
1065 1111 1167 1176 προς-

206 1192 320 1262 τάσσει
343 1190 611 1262 ἀπαλλάττεσθαι
633 1189 715 1258 κατά
741 1190 839 1278 τάχος
864 1192 897 1270 ἐς
918 1187 980 1276 τήν
997 1187 1095 1258 πόλιν
1112 1189 1212 1259 καίεο

208 1301 396 1382 Μιλησίοις,
413 1293 628 1378 ἐπαγγέλλειν
649 1289 959 1380 παρασκευάζεσθαι
977 1285 1022 1370 ὦς
1039 1316 1170 1378 μαχου-

207 1384 331 1483 μένους
345 1399 463 1464 έωθεν.
478 1391 577 1472 αύτδς
592 1389 625 1460 δ’
646 1391 824 1478 ἐπιστήσας
837 1397 883 1483 τῷ
897 1397 995 1478 τείχει
1007 1389 1169 1478 μηχανάς,

208 1495 264 1562 καλ
281 1494 322 1564 τά
340 1494 404 1582 μὲν
421 1491 619 1579 καταβαλών
636 1491 680 1560 δι’
701 1490 818 1578 ὀλίγου
837 1498 905 1560 τοῖν
923 1495 1054 1580 τειχῶν,
1072 1489 1112 1560 τά
1131 1489 1170 1558 δὲ

208 1604 406 1674 κατασείσας
425 1594 480 1663 ἐπὶ
499 1593 585 1662 πολύ
604 1598 753 1681 προσῆγε
772 1592 833 1680 τήν
851 1590 1009 1681 στρατιάν
1028 1590 1072 1672 ὡς
1097 1593 1168 1660 ἐπι-

208 1696 415 1784 βησομένους
439 1687 463 1784 ᾗ
487 1693 707 1783 κατερήριπτο
729 1691 752 1782 ή
778 1693 974 1764 ἐσεσάλευτο
992 1691 1029 1760 τό
1048 1707 1167 1780 τεῖχος,
1182 1722 1208 1763 15

210 1795 491 1885 ἐφομαρτούντων
503 1795 560 1863 καὶ
572 1795 679 1883 μόνον
692 1793 732 1864 ού
748 1795 931 1882 θεωμένων
944 1799 1013 1862 τόν
1026 1799 1169 1882 Περσῶν
1280 1875 1281 1880 ¹

209 1895 276 1968 άπδ
290 1904 348 1986 τῆς
360 1896 526 1983 Μυκάλης
535 1897 838 1986 πολιορκουμένους
847 1893 926 1976 τούς
936 1899 1057 1983 φίλους
1072 1899 1170 1982 σφῶν

209 2000 266 2068 καί
284 1998 487 2087 ξυμμάχους.

176 2115 194 2164 ε
283 2097 338 2170 Ἐν
369 2097 478 2190 τούτῳ
505 2097 544 2166 δέ
573 2099 689 2167 καλοί
711 2095 796 2185 ἀμφὶ
821 2095 996 2186 Νικάνορα
1020 2093 1086 2166 άπὸ
1111 2101 1169 2184 τής

210 2199 323 2286 Λάδης
350 2198 412 2286 τήν
436 2197 543 2287 ὁρμήν
566 2203 638 2268 τῶν
664 2196 727 2278 ξύν
744 2195 954 2291 Ἀλεξάνδρῳ
979 2197 1168 2277 κατιδόντες
1181 2227 1207 2267 ιο

212 2302 245 2380 ἐς
263 2299 324 2368 τόν
338 2301 455 2388 λιμένα
470 2299 632 2367 ἐπέπλεον
648 2299 909 2386 τῶνΜιλησίων
923 2297 1013 2388 παρά
1028 2303 1092 2386 χήν
1109 2297 1169 2384 τήν

211 2407 361 2490 εἰρεσίαν
379 2398 584 2488 ποιούμενοι,
605 2399 661 2468 καὶ
678 2399 762 2469 κατά
779 2399 817 2469 τό
838 2399 942 2488 στόμα
959 2405 1021 2468 τού
1039 2400 1169 2486 λιμένος

127 2595 130 2600 Ι
209 2494 298 2590 ήπερ
316 2501 513 2571 στενότατον
529 2493 573 2589 ήν
590 2497 823 2590 άντιπρύρους
840 2499 943 2588 βύζην
956 2499 1014 2580 τάς
1031 2499 1170 2588 τριήρεις

211 2601 409 2691 ὁρμίσαντες
423 2599 703 2671 ἀποκεκλείκεσαν
719 2607 766 2692 τῷ
779 2601 842 2689 μὲν
856 2607 1012 2694 Περσικῷ
1025 2606 1170 2692 ναυτικῷ

210 2702 272 2772 τόν
295 2703 427 2790 λιμένα,
451 2717 521 2782 τοίς
539 2709 716 2790 Μιλησίοις
740 2702 778 2770 δέ
801 2700 863 2790 τήν
882 2705 918 2771 ἐκ
935 2707 1004 2771 τόν
1026 2707 1170 2791 Περσῶν
1182 2729 1207 2769 ετ

177 2802 387 2891 εύφέλειαν.
425 2809 510 2874 ἔνθα
534 2807 569 2872 οί
584 2803 750 2891 Μιλήσιοί
772 2831 807 2872 τε
833 2803 890 2871 καί
913 2807 949 2872 oc
969 2802 1171 2892 μισθοφόροι

109 2983 117 3000 ·
212 2905 427 2994 πανταχόθεν
439 2903 505 2992 ήδη
514 2907 764 2994 προσκειμένων
777 2910 872 2991 σφίσι
884 2910 953 2980 τῶν
964 2903 1171 2974 Μακεδόνων

212 3011 248 3075 οί
269 3006 331 3094 μὲν
355 3003 469 3076 αύτῶν
494 3009 688 3093 ῥιπτοῦντες
713 3009 800 3092 σφᾶς
825 3007 862 3073 ἐν
884 3011 926 3095 τή
943 3005 1098 3095 θαλάσση
1119 3006 1170 3073 ἐπὶ

211 3112 281 3174 τῶν
307 3104 461 3174 άσπίδων
484 3103 616 3174 ύπτίων
640 3107 673 3184 ἐς
696 3103 819 3191 νησῖδά
841 3132 915 3174 τινα
933 3101 1114 3194 άνιόνυμον
1131 3109 1169 3194 τή

213 3202 308 3275 πόλει
346 3208 555 3294 ἐπικειμένην
594 3205 798 3292 διενήχοντο·
840 3209 875 3274 οί
909 3206 946 3274 δὲ
978 3209 1011 3286 ἐς
1041 3207 1223 3292 κελήτιαω“

89 3359 97 3372 .
213 3311 427 3396 ἐμβαίνοντες
444 3307 500 3376 καὶ
520 3305 726 3394 ἐπειγόμενοι
744 3304 943 3394 ὑποφθάσαι
959 3305 1017 3386 τάς
1031 3307 1169 3396 τριήρεις

212 3415 281 3478 τῶν
295 3407 506 3480 Μακεδόνων
519 3407 819 3496 ἐγκατελήφθησαν
837 3405 876 3476 ἐν
893 3413 940 3501 τῷ
960 3407 1096 3496 στόματι
1113 3413 1169 3477 τού
