2632 3922
211 171 278 236 202
571 165 821 230 mmm

216 348 269 400 σοι
295 328 450 417 γενέσθω
471 328 665 421 τεκμήριον·
691 328 804 410 κιττός
828 330 895 419 γάρ
919 328 983 399 ούιι
1007 325 1095 418 ἄλλη
1122 333 1197 418 τῆς

214 426 336 502 Ἰνδοῖν
362 435 425 518 γῆς
451 427 623 520 φυόμενος
649 429 729 519 παρ’
758 431 841 518 ἡμίν
866 429 995 518 φύεται.
1290 437 1291 444 ’

171 531 197 596 2
297 533 367 602 Καὶ
383 535 491 601 ταῦτα
509 531 622 602 πάντα
635 530 843 624 Ἀλεξάνδρῳ
861 529 946 620 πρὸς
968 535 1087 618 θυμοῦ
1106 533 1192 617 ἐγί-

216 657 315 718 γνετο
334 629 473 702 ἀκούειν
498 634 555 702 καὶ
578 631 681 721 ἤθελε
704 631 804 702 πιστά
823 629 909 702 εἶναι
930 628 972 700 τά
999 630 1088 720 ύπέρ
1114 637 1190 700 τοῦ

217 732 394 804 Διονύσου
408 737 470 821 τῆς
483 733 614 822 πλάνης
627 733 863 821 μυθευόμενα·
882 731 940 801 καί
953 739 1075 820 κτίσμα
1089 730 1189 801 εἶναι
1203 759 1220 801 τ

218 833 395 906 Διονύσου
408 836 472 922 τὴν
485 841 612 906 Νύσαν
624 833 759 925 ἤθελεν,
779 834 826 914 ἀς
838 831 903 922 ἤδη
915 861 952 903 τε
965 831 1057 920 ἥκειν
1070 831 1190 913 αύτάς

219 941 305 1006 ἔνθα
323 927 409 1023 ἦλθε
426 935 598 1016 Διόνυσος
616 937 674 1004 καί
693 935 748 1006 ἐπ’
767 937 880 1005 έκείνα
897 930 941 1003 ἀν
959 937 1075 1004 ἐλθεῖν
1093 946 1189 1004 Διο-

218 1035 345 1105 νύσου·
385 1032 463 1106 οὐδ’
492 1032 536 1105 ἀν
553 1033 759 1117 Μακεδόνας
783 1037 823 1105 τὸ
849 1034 966 1125 πρόσω
992 1034 1190 1118 ἀπαξιῶσαι

217 1149 408 1223 συμπονεῖν
432 1140 469 1206 ολ
492 1143 540 1208 ἔτι
556 1137 641 1206 κατὰ
658 1139 757 1226 ζῆλον
774 1141 845 1206 τοῖν
862 1135 1037 1207 Διονύσου
1058 1142 1187 1225 ἔργων.

183 1249 201 1298 ²
219 1239 276 1307 καί
294 1241 436 1308 δίδωσιν
455 1239 660 1327 ἐλευθέρους
677 1266 714 1308 τε
726 1237 815 1308 εἶναι
827 1239 908 1318 τούς
925 1237 1101 1324 οἰκήτορας
1119 1242 1187 1324 τῆς
1202 1264 1231 1305 ιο

220 1337 342 1426 Νύσης
362 1339 420 1408 καλ
446 1338 672 1428 αύτονόμους.
725 1338 771 1418 ἀς
798 1337 837 1412 δέ,
862 1339 921 1407 καὶ
945 1339 1025 1417 τούς
1051 1337 1187 1426 νόμους

219 1439 367 1508 ἐπύθετο
388 1438 505 1508 αάτάν
516 1439 579 1507 καί
597 1437 648 1509 ὅτι
665 1439 750 1528 πρὸς
767 1443 838 1508 τοῖν
855 1437 1004 1528 ἀρίστου
1020 1438 1062 1524 τὸ,
1078 1447 1186 1508 πολέ-

217 1565 324 1626 τευμα
342 1544 465 1628 ἔχεται,
492 1540 601 1607 ταύτά
618 1565 654 1608 τε
673 1538 816 1629 ἐπῄνεσε
833 1540 890 1608 καὶ
913 1539 1034 1627 ἠξίωσε
1056 1542 1127 1608 τῶν
1143 1567 1186 1610 τε

218 1640 351 1708 ἱππέοιν
367 1644 406 1708 ολ
419 1639 615 1727 ξυμπέμψαι
641 1643 675 1720 ές
698 1647 910 1730 τριακοσίους
933 1640 990 1710 καί
1007 1646 1076 1708 τῶν
1092 1664 1184 1728 προ-

220 1739 376 1810 εστύτιου
391 1744 455 1809 τού
473 1739 727 1829 πολιτεύματος,
743 1732 830 1829 ἦσαν
847 1741 956 1811 δὲκαὶ
970 1738 1069 1810 αύτοὶ
1082 1767 1182 1830 τρια-
1196 1767 1224 1808 ιε
1295 1755 1296 1772 ’

219 1841 337 1926 κύσιοι,
351 1841 472 1912 έκατάν
484 1841 566 1922 τούς
585 1838 746 1930 ἀρίστους
761 1843 1033 1930 ἐπιλεξαμένους·
1051 1837 1182 1911 Ἀκου-

218 1971 279 2032 ιριν
297 1941 336 2012 δέ
353 1940 441 2012 εἶναι
457 1942 520 2012 τὸν
538 1943 790 2032 ἐπιλεγόμενον,
812 1942 929 2012 ὅντινα
948 1944 1005 2012 καί
1022 1941 1181 2031 ὕπαρχον

184 2057 203 2106 3
222 2049 282 2132 τῆς
298 2043 409 2132 χώρας
425 2047 487 2130 τῆς
505 2050 663 2124 Νυσαίας
684 2045 885 2132 κατέστησεν
902 2043 1016 2124 αύτός.
1060 2043 1122 2112 τὸν
1139 2043 1181 2112 δὲ

208 2143 378 2231 Ἀκουφιν
401 2149 509 2214 ταῦτα
526 2141 721 2213 ἀκούσαντα
740 2147 960 2233 ἐπιμειδιᾶσαι
983 2147 1113 2230 λέγεται
1129 2149 1177 2235 τῷ

220 2244 327 2336 λόγῳ·
355 2245 412 2312 καὶ
436 2241 652 2332 Ἀλέξανδρον
677 2245 813 2334 ἐρέσθαι
838 2245 895 2330 ἐφ’
917 2244 985 2338 ὅτῳ
1004 2246 1176 2332 ἐγέλασεν·
1191 2271 1220 2312 ει

220 2344 474 2434 ἀποκρίνασθαι
491 2342 718 2432 δ’Ἅκουφιυ·
743 2349 801 2416 καὶ
821 2350 893 2426 πῶς
906 2344 969 2434 ἀυ,
988 2338 1178 2434 ἀβασιλεῦ,

220 2453 282 2534 μία
308 2443 404 2524 πόλις
432 2444 552 2514 ἕκατὸυ
578 2445 716 2534 ἀνδρῶν
735 2442 878 2532 ἀγαθοῖν
902 2451 1114 2536 ἐρημωθείσα
1132 2452 1179 2516 ἔτι

220 2551 333 2626 καλῶς
347 2545 572 2629 πολιτεύοιτο;
591 2542 676 2616 ἀλλά
696 2547 753 2634 σύ,
771 2559 807 2618 εί
820 2567 872 2617 σοι
889 2551 980 2636 μέλει
998 2555 1178 2636 Νυσαίων,

220 2645 300 2727 τούς
329 2649 450 2728 ἱππέας
476 2647 540 2735 μὲν
565 2643 708 2735 ἀγεσθαι
731 2649 812 2729 τούς
833 2657 1049 2738 τριακοσίους
1072 2650 1129 2742 καί
1146 2656 1180 2719 εί

219 2749 349 2837 βούλει,
376 2754 424 2818 ἔτι
446 2749 579 2818 τούτων
603 2755 776 2830 πλείονας·
804 2747 882 2819 ἀντί
905 2750 945 2821 ἀλ
962 2754 1032 2820 τῶν
1047 2748 1175 2838 ἑκατόν,
1188 2771 1216 2812 2⁵
1249 2767 1256 2780 ·

99 2859 105 2872 '
220 2848 380 2931 οὕστινας
393 2849 475 2930 τούς
489 2849 652 2938 ἀρίστους
668 2851 811 2930 ἐπιλέξαι
826 2851 869 2919 σύ
884 2853 1042 2940 κελεύεις,
1057 2855 1193 2919 διπλα-·

220 2957 318 3032 σίους
341 2953 410 3020 τάν
435 2950 548 3019 ἀλλων
570 2955 640 3018 τάν
661 2956 776 3020 κακῶν
793 2950 950 3040 ἀγεοθαι,
977 2958 1034 3022 ἵνα
1053 2970 1104 3020 σοι
1121 2953 1177 3020 καί

219 3043 325 3132 αὖθις
348 3051 543 3142 ἀφικομένῳ
564 3055 668 3140 δεῦρο
696 3053 733 3120 ἐν
757 3058 804 3144 τῷ
822 3051 915 3144 αὐτῷ
936 3054 1047 3144 τούτῳ
1065 3051 1177 3142 κόσμῳ

223 3160 347 3240 φανείη
365 3149 387 3238 ἡ
408 3151 514 3231 πόλις.
566 3155 673 3220 ταῦτα
695 3153 848 3244 λέγοντα,
873 3155 984 3241 λέγειν
1001 3154 1067 3240 γάρ
1085 3149 1178 3234 δόξαι

186 3268 206 3316 4
223 3253 389 3342 φρόνιμα,
408 3266 521 3321 πείσαι
534 3250 765 3344 Ἀλέξανδρον.
800 3256 859 3323 καὶ
876 3255 958 3334 τούς
975 3253 1039 3342 μὲν
1058 3255 1176 3332 ἱππέας
1188 3283 1214 3324 ιο
1235 3279 1239 3286 ’

225 3355 431 3441 ξυμπέμπειν
452 3357 488 3422 οἱ
512 3351 675 3445 ἐκέλευσε,
701 3354 783 3434 πούς
804 3354 842 3423 δὲ
864 3354 983 3424 ἑκατὸν
1001 3354 1082 3433 τούς
1105 3357 1176 3423 ἐπι-

222 3455 361 3534 λέκτους
378 3454 494 3542 μηκέτι
511 3456 657 3545 αἰτῆσαι,
678 3454 765 3524 ἀλλά
782 3452 862 3542 μηδ’
887 3451 963 3523 ἀντ’
984 3453 1099 3524 αὐτῶν
1116 3453 1170 3556 ἀλ-
