2572 3920
469 182 654 234 εαεεεειε
672 185 698 246 ε,
718 184 741 242 τ.
1047 182 1087 246 61

125 321 189 410 λήν
214 321 253 392 δέ
277 327 325 414 τῷ
351 327 508 415 Φιλίππῳ
533 327 653 390 δοῦναι
676 318 880 406 ἀναγνῶναι.
923 321 980 390 καὶ
1002 320 1088 410 ὁμοῦ
1107 337 1140 388 10

124 423 183 492 τόν
206 450 243 492 τε
264 421 483 511 Ἀλέξανδρον
507 429 619 491 πίνειν
644 421 700 489 καὶ
722 421 783 490 τδν
811 428 979 492 Φίλιππον
1003 421 1089 493 ἀνα-

124 523 304 610 γινώσκειν
321 522 361 592 τά
380 523 470 612 παρά
488 527 549 592 τοῦ
568 528 817 610 Παρμενίωνος.
864 529 1034 593 Φίλιππον
1051 523 1090 592 δέ

124 623 232 704 εὐθύς
260 629 403 712 ἔνδηλον
426 625 585 710 γενέσθαι
607 622 657 693 ὅτι
680 627 790 702 καλῶς
813 627 849 691 οί
871 628 938 710 ἔχει
961 621 1002 691 τά
1026 629 1089 693 τοῦ

100 724 324 813 ιφαρμάκου·
352 722 393 793 ού
412 723 477 814 γάρ
496 727 701 810 ἐκπλαγῆναι
719 721 802 814 πρὸς
819 722 881 809 τήν
900 724 1090 813 ἐπιστολήν,

124 823 210 894 ἀλλά
233 824 374 894 τοσόνδε
395 825 501 913 μόνον
524 825 751 914 παρακαλέσαι
772 821 1011 912 Ἀλέξανδρον,
1033 826 1091 893 καὶ

125 929 158 1006 ές
176 925 217 994 τά
241 925 327 994 ἀλλα
356 930 392 994 οί
406 933 587 994 πείθεσθαι
604 923 668 994 ὅσα
687 925 936 1011 ἐπαγγέλλοιτο·
973 925 1089 1012 σωθή-

125 1036 247 1096 σεσθαι
276 1025 341 1115 γάρ
368 1026 580 1115 πειθόμενον.
623 1026 680 1093 καὶ
703 1024 763 1094 τὸν
785 1024 848 1112 μὲν
871 1031 1093 1114 καθαρθῆναί
1108 1041 1138 1091 11

122 1155 159 1196 τε
176 1127 234 1194 καὶ
249 1130 363 1216 ῥαΐσαι
376 1121 469 1218 αύτῷ
482 1125 519 1194 τδ
535 1126 679 1214 νόσημα·
709 1131 866 1217 Φιλίππςο
880 1125 917 1194 δὲ
932 1128 1090 1208 ἐπιδεῖξαι

85 1255 111 1298 10
124 1227 176 1297 ὅτι
200 1227 317 1306 πιστάς
343 1230 432 1296 ἐστιν
449 1223 542 1318 αύτῷ
560 1232 658 1314 φίλος
674 1227 731 1294 καὶ
748 1241 818 1307 τοῖς
836 1225 946 1306 ἀλλοις
964 1226 1002 1326 δέ
1018 1241 1089 1308 τοῖς

123 1325 205 1417 ἀμφ’
231 1326 337 1397 αύτόν
360 1327 411 1397 ὅτι
426 1325 552 1412 ,αύτοίς
569 1355 604 1396 τε
621 1341 690 1405 τοῖς
707 1332 817 1414 φίλοις
834 1326 967 1414 βέβαιος
986 1332 1034 1406 είς
1051 1325 1088 1396 τδ

123 1428 321 1498 ἀνύποπτον
351 1427 510 1516 τυγχάνει
546 1424 595 1496 ἀν
630 1427 688 1495 καὶ
715 1425 801 1516 πρὸς
829 1425 867 1495 τδ
899 1421 1089 1497 ἀποθανεῖν

127 1532 328 1620 ἐρρωμένος.

198 1628 253 1702 Ἐκ
277 1631 315 1698 δέ
338 1628 462 1698 τούτου
481 1635 707 1716 Παρμενίωνα
729 1627 793 1717 μὲν
819 1629 938 1718 πέμπει
957 1630 1013 1698 έπλ
1029 1629 1132 1711 τάςῦ

86 1727 228 1812 ιτάλλας
258 1729 384 1817 πύλας,
421 1735 460 1799 αδ
480 1728 522 1817 δή
549 1727 694 1818 ὁρίζουσι
717 1728 779 1816 τήν
801 1736 952 1799 Κιλίκων
974 1757 1010 1798 τε
1032 1731 1089 1798 καὶ

121 1828 311 1922 Ἀσσυρίων
329 1830 454 1919 χώραν,
473 1837 742 1919 προκαταλαβεῖν
760 1830 816 1896 καί
829 1829 1015 1917 φυλάσσειν
1027 1830 1089 1915 τήν

125 1933 294 2021 πάροδον,
322 1930 403 2011 δούς
427 1927 519 2023 αύτῷ
537 1937 605 1998 τῶν
622 1957 657 1998 τε
674 1929 855 2017 ξυμμάχων
871 1928 952 2009 τούς
970 1929 1089 2012 πεζούς

125 2035 183 2102 καὶ
201 2033 281 2114 τούς
294 2031 457 2118 Ἕλληνας
474 2029 553 2110 τούς
572 2029 802 2119 μισθοφόρους
820 2030 877 2098 καὶ
894 2027 975 2109 τούς
994 2035 1090 2122 Θρᾷ-

126 2161 198 2220 κας,
218 2127 267 2202 ὧν
284 2131 450 2219 Σιτάλκης
472 2129 603 2220 ήγείτο,
628 2131 684 2198 καὶ
707 2129 787 2210 τούς
814 2130 935 2211 ίππέας
953 2129 992 2198 δὲ
1007 2130 1089 2212 τούς
1202 2181 1205 2184 -

87 2233 325 2314 νοΘετταλούς.
360 2229 463 2314 αύτδς
488 2232 526 2300 δὲ
548 2231 689 2320 ὕστερος
713 2229 797 2318 άρας
821 2233 857 2300 έκ
886 2237 1022 2321 Ταρσοῦ
1045 2234 1123 2320 τήὶ

126 2336 189 2423 μὲν
213 2334 329 2424 πράτη
352 2339 400 2414 είς
420 2331 596 2420 Ἀγχίαλον
613 2330 714 2400 πόλιν
731 2328 928 2419 ἀφικνεῖται.
963 2332 1090 2419 ταύτην

127 2437 165 2504 δέ
184 2434 456 2525 Σαρδανάπαλον
473 2440 583 2502 κτίσαι
599 2431 660 2501 τδυ
679 2429 857 2519 Ἀσσύριον
880 2431 993 2518 λόγος·
1032 2433 1090 2500 καί

127 2543 177 2628 τῷ
196 2535 362 2629 περιβόλῳ
382 2535 421 2604 δέ
438 2535 494 2602 καὶ
511 2547 580 2614 τοῖς
597 2539 765 2620 θεμελίοις
782 2537 852 2602 τῶν
869 2538 987 2620 τειχῶν
1005 2532 1090 2620 δήλη

130 2637 198 2705 ἐστὶ
215 2636 344 2724 μεγάλη
360 2663 396 2704 τε
409 2634 504 2714 πόλις
517 2643 691 2708 κτισθεῖσα
705 2634 761 2700 καὶ
776 2633 831 2702 έπὶ
844 2634 929 2722 μέγα
943 2635 1090 2703 ἐλθοῦσα

89 2761 117 2805 ω
129 2737 313 2826 δυνάμεως.
348 2735 405 2805 καί
429 2735 466 2804 τδ
490 2741 603 2822 μνῆμα
620 2740 680 2802 τοῦ
697 2733 968 2823 Σαρδαναπάλου
988 2733 1124 2820 έγγδςσ

128 2831 173 2926 ήν
186 2843 256 2906 τῶν
273 2841 392 2926 τειχῶν
409 2840 477 2905 τῶν
492 2831 682 2922 Ἀγχιάλου·
711 2835 766 2901 καλ
785 2831 888 2913 αύτὸς
907 2833 1091 2921 ἐφειστήκει

131 2937 177 3008 ἐπ’
205 2935 296 3030 αύτῷ
324 2933 592 3028 Σαρδανάπαλος
620 2933 858 3021 συμβεβληκιδς
888 2932 946 3012 τάς
977 2949 1090 3024 χεῖρας

130 3037 285 3126 ἀλλήλαις
309 3036 354 3119 ἀς
377 3037 516 3126 μάλιστα
541 3038 574 3117 ές
596 3033 717 3124 κρότον
741 3033 1007 3123 συμβάλλονται,
1033 3037 1091 3104 καὶ

130 3145 320 3228 ἐπίγραμμα
351 3139 575 3226 ἐπεγέγραπτο
601 3133 694 3228 αύτῷ
718 3130 875 3225 Ἀσσύρια
898 3134 1089 3225 γράμματα·

94 3246 165 3309 ιοοί
191 3241 254 3329 μὲν
280 3235 447 3329 Ἀσσύριοι
476 3239 533 3306 καὶ
561 3237 683 3326 μέτρον
710 3241 858 3324 ἔφασκον
891 3238 1018 3306 έπεῑναι
1043 3245 1125 3331 τῷ4

134 3340 368 3430 ἐπιγράμματι,
399 3337 417 3410 ὁ
436 3339 475 3408 δὲ
492 3343 574 3418 νούς
591 3329 636 3426 ήν
653 3334 744 3429 αύτῷ
762 3333 802 3406 δν
820 3343 939 3426 ἔφραζε
955 3336 997 3406 τά
1015 3343 1090 3424 ἔπη,

134 3441 182 3512 ὅτι
206 3437 539 3530 Σαρδανάπαλος
563 3434 582 3507 ὁ
606 3436 969 3529 Ἀνακυνδαράξου
993 3453 1090 3518 παῖς
