2620 3924
219 144 263 210 80
572 139 827 202 εεεεεαεεου

223 285 289 371 έμὲ.
326 289 359 352 εί
374 281 412 352 δὲ
430 287 521 371 φοβῇ
540 280 585 370 μή
605 281 717 352 ἐλθόν
735 282 850 370 πάθης
867 307 900 349 τε
917 283 949 363 ἐξ
970 285 1051 369 ἐμοῦ
1071 280 1186 368 ἄχαρι,

222 385 330 471 πέμπε
342 384 436 464 τινάς
449 387 519 452 τῶν
532 390 645 470 φίλων
658 383 699 450 τά
714 383 811 452 πιστά
827 384 1049 470 ληψομένους.
1070 380 1186 450 έλθοδυ

222 484 260 553 δέ
285 484 369 574 πρός
392 511 433 572 με
456 483 517 572 τὴν
541 485 666 572 μητέρα
688 484 746 550 καὶ
770 482 832 570 τὴν
855 497 1003 569 γυναῖκα
1026 483 1085 550 καλ
1101 481 1186 560 τοῦς

223 591 347 664 παῖδας
364 587 418 654 καλ
442 592 475 654 εί
498 582 581 652 ἀλλο
597 611 628 652 τι
647 584 771 663 ἐθέλεις
789 593 874 652 αίτει
890 584 947 652 καὶ
964 583 1124 670 λάμβανε.
1167 579 1187 649 ῦ

188 699 205 748 9
223 712 254 754 τι
270 685 336 775 γάρ
354 682 397 752 ἀν
415 693 538 773 πείδης
557 684 614 772 ἐμὲ
629 690 719 754 ἔσται
732 703 792 752 σοι.
820 685 877 752 καὶ
890 685 951 752 τοῦ
966 689 1086 752 λοιποῦ
1101 680 1193 750 όταν·
1210 709 1222 749 ο

223 787 369 874 πέμπῃς,
387 785 461 874 παρ’
479 785 536 871 ἐμὲ
551 784 596 863 τός
608 786 746 872 βασιλέα
760 788 819 870 τῆς
833 782 946 863 Ἀσίας
960 785 1080 870 πέμπε,
1098 782 1187 869 μηδὲ

223 882 245 954 ἀ
271 883 409 974 [βούλει]
435 883 478 963 ἐξ,
495 895 571 954 ίσον
597 887 787 972 ἐπίστελλε,
812 883 883 952 ἀλλ’
909 882 955 963 οῦς
978 891 1088 974 κυρίφ
1112 881 1188 952 όντι

223 986 362 1054 πάντων
385 989 454 1053 τῶν
478 988 547 1054 σῦν
574 986 677 1074 φράζε
694 994 729 1054 εί
741 1011 802 1054 του
820 986 897 1073 δέη·
935 983 1022 1054 εἰδὲ
1038 983 1098 1071 μή,
1118 984 1186 1068 έγώ

222 1085 450 1174 βουλεύσομαι
473 1087 549 1172 περὶ
574 1088 636 1154 σοῦ
662 1084 708 1164 ύς
732 1083 938 1163 ἀδικοῦντος.
979 1091 1011 1152 εί
1031 1084 1070 1152 δὲ
1088 1082 1187 1150 ἀντι-

225 1187 330 1272 λέγεις
353 1187 429 1274 περλ
451 1188 510 1272 τῆς
533 1192 722 1272 βασιλείας,
750 1183 937 1272 ῦπομείυας
957 1191 1004 1254 ἑτι
1021 1183 1187 1270 ἀγώνισαι
1202 1210 1224 1251 ιο

225 1285 419 1410 πῖρὲαῦμῆς
433 1288 490 1354 καλ
503 1286 548 1373 μη
562 1289 681 1374 φεῦγε,
700 1284 745 1364 οῦς
761 1285 826 1370 ἐγώ
847 1286 902 1353 ἐπὶ
921 1283 959 1352 σε
977 1284 1188 1372 πορεύσομαι

227 1413 268 1456 ου
287 1413 329 1454 αν
346 1413 398 1475 ης.

178 1494 216 1557 15
300 1487 394 1574 Πρὸς
423 1485 487 1573 μὲν
509 1497 658 1573 Δαρείου
681 1487 789 1554 ταῦτα
814 1487 1008 1554 ἐπέστειλεν.
1049 1486 1122 1554 ἐπεὶ
1145 1483 1186 1554 δὲ

227 1592 331 1674 ἔμαθε
353 1585 395 1654 τά
417 1612 454 1654 τε
476 1585 628 1674 χρήματα
652 1583 715 1654 ὅσα
738 1585 805 1654 σῦν
829 1589 972 1672 Κωφῆνι
994 1586 1041 1676 τῷ
1062 1584 1186 1674 Ἀρτα-

225 1686 326 1774 βάζου
369 1684 605 1774 ἀποπεπόμφει
647 1688 681 1766 ές
720 1685 905 1774 Δαμασκόν
942 1698 1089 1774 Δαρεῖος
1133 1683 1186 1754 ὅτι
1199 1715 1224 1756 ιι

228 1787 371 1875 ἑάλωκε,
402 1788 460 1856 καλ
484 1785 555 1856 ὅσοι
579 1788 723 1875 Περσῶν
748 1784 828 1874 ἀμφ’
854 1785 942 1856 αύτά
967 1790 1186 1874 ἐγκατελείφ-

224 1900 336 1976 θησαν
366 1887 431 1956 σύν
461 1891 503 1976 τῇ
534 1886 620 1976 άλλη
636 1879 805 1975 ’βασιλικῇ
836 1891 1025 1975 κατασκευῇ
1051 1885 1101 1954 ὅτι
1125 1889 1186 1956 καὶ

183 1989 191 2006 ’
226 1979 319 2058 οῦτοι
355 1989 526 2074 ἑάλωσαν,
562 1991 671 2056 ταῦτα
700 1985 762 2074 μὲν
790 1986 899 2056 ὀπίσω
928 1996 1113 2075 κομίσαντα
1151 1991 1186 2068 ές

192 2101 208 2148 2
227 2088 412 2174 Δαμασκόν
431 2095 657 2175 Παρμενίωνα
675 2087 861 2174 φυλάσσειν
880 2089 1019 2158 ἐκέλευε.
1045 2088 1128 2166 τούς
1145 2087 1186 2158 δέ

227 2190 380 2275 πρέσβεις
410 2189 479 2256 τῶν
500 2185 667 2274 Ἑλλήνων
698 2194 734 2258 ολ
755 2187 839 2278 πρός
863 2201 1012 2277 Δαρείου
1036 2189 1101 2278 πρὸ
1125 2191 1224 2275 τῆςεο

226 2288 334 2375 μάχης
352 2285 529 2374 ἀφιγμένοι
545 2278 651 2374 ἦσαν,
679 2289 751 2356 ἐπεὶ
769 2291 826 2356 καλ
842 2289 986 2368 τούτους
1005 2291 1187 2358 ἑαλωκέναι

227 2395 342 2476 ἔμαθε,
356 2385 431 2475 παρ’
447 2385 554 2456 αύτὸν
572 2389 713 2476 πέμπειν
728 2390 889 2458 ἐκέλευεν.
912 2381 999 2476 ἦσαν
1013 2388 1052 2458 δὲ
1062 2388 1184 2460 Εῦθν-

227 2491 309 2574 κλῆς
322 2486 385 2575 μὲν
400 2487 625 2577 Σπαρτιάτης,
645 2496 870 2569 Θεσσαλίσκος
889 2495 926 2558 δε
939 2488 1109 2577 Ἰσμηνίου
1127 2492 1186 2560 καὶ

229 2588 489 2677 Διονυσόδωρος
509 2587 788 2677 Ὀλυμπιονίκης,
818 2598 977 2679 Θηβαῖοι,
996 2589 1185 2680 Ἰφικράτης

193 2687 266 2758 3δὲ
290 2687 309 2757 ό
329 2687 540 2777 Ἰφικράτους
566 2691 627 2759 τοῦ
652 2693 859 2780 στρατηγοῦ,
885 2689 1075 2778 ’Λδηναῐος
1125 2693 1183 2760 καὶ
1197 2717 1224 2760 ω

227 2779 320 2859 οῦτοι
345 2788 390 2870 σός
413 2780 497 2876 ἧκον
514 2789 591 2880 παρ’
604 2791 844 2880 Ἀλέξανδρον,
876 2799 1104 2862 Θεσσαλίσκον
1121 2791 1184 2880 μὲν

225 2893 283 2960 καὶ
301 2892 582 2980 Διονυσόδωρον,
604 2899 725 2980 καίπερ
745 2899 915 2980 Θηβαίους
934 2890 1053 2980 όντας,
1076 2891 1184 2972 εὐθύς

225 2992 353 3079 ἀφῆκε,
382 2992 420 3060 τό
451 2994 514 3078 μέν
543 3018 574 3059 τι
596 2997 796 3060 κατοικτίσει
817 2996 886 3062 τῶν
912 2996 1053 3082 Θηβῶν,
1083 2994 1121 3062 τό
1146 2993 1184 3063 δέ

226 3088 275 3158 ὅτι
293 3091 493 3177 συγγνωστά
512 3093 708 3179 δεδρακέναι
727 3094 925 3180 ἐφαίνοντο,
955 3093 1182 3183 ἠνδραποδισ-

225 3190 326 3277 μένης
339 3190 408 3258 ύπδ
419 3189 629 3260 Μακεδόνων
642 3197 700 3278 τῆς
714 3199 874 3283 πατρίδος
889 3203 1006 3283 σφίσιν
1018 3222 1054 3264 τε
1066 3192 1184 3281 ἥντινα
1195 3221 1225 3263 ω

225 3289 397 3378 ἠδύναντο
421 3289 585 3379 ἀφέλειαν
607 3292 837 3383 εὑρισκόμενοι
853 3297 910 3364 καὶ
929 3304 961 3366 εί
976 3296 1019 3382 δή
1035 3322 1110 3364 τινα
1126 3299 1184 3365 καὶ

225 3395 266 3480 τῇ
287 3398 423 3481 πατρίδι
437 3395 473 3462 ἑκ
487 3395 630 3484 Περσῶν
643 3397 701 3463 καὶ
716 3403 880 3484 Δαρείου,
898 3400 1005 3464 ταῦτα
1018 3396 1082 3484 μὲν
1094 3396 1185 3487 ύπὲρ
