2632 3922
441 130 624 184 ΔαιΒΑειε
642 133 669 197 ι,
687 133 729 188 τε.
747 134 790 186 το.
996 108 1001 114 ’
1035 130 1099 198 243

133 285 316 378 ἀχθόμενοι
341 286 404 377 μὲν
429 293 474 378 τῇ
500 285 588 378 ὀργῇ
607 285 714 357 αὐτοῦ
734 290 827 376 δῆλοι
843 280 944 378 ἦσαν,
973 287 1014 360 οὐ
1030 289 1100 378 μὴν

133 387 415 478 μεταβαλλόμενοι
440 415 480 476 γε
505 385 566 458 ὑπ’
597 385 720 476 αὐτῆς,
756 393 906 460 ἐνταῦθα
941 390 984 479 δὴ
1011 392 1100 477 λέγει

134 499 342 578 Πτολεμαῖος
368 483 387 558 ό
414 489 534 576 Λάγου
571 488 622 558 ότι
654 490 710 557 ἐπὶ
744 493 785 578 τῇ
820 489 971 578 διαβάσει
996 489 1100 560 ου’δὲν

133 605 229 677 μεῖον
256 591 389 677 ἐθύετο,
414 591 573 683 θυομένῳ
600 589 639 658 δέ
665 587 729 658 οὐκ
758 588 1031 690 ἐγίγνετοαότηῖ
1056 589 1099 660 τά

107 689 220 779 ιίερά.
264 689 339 761 τότε
364 688 406 778 δὴ
431 688 512 772 τοδς
538 688 789 781 πρεσβυτάτους
814 717 851 760 τε
867 695 937 760 τών
957 693 1099 781 ἑταίρων

133 793 190 860 καί
215 790 357 879 μάλιστα
373 790 453 872 τούς
471 793 679 882 ἐπιτηδείους
697 788 792 883 αὐτῷ
810 791 1024 879 ξυναγαγών,
1053 789 1099 873 ώς

134 891 245 960 πάντα
278 895 312 972 ἐς
343 891 405 980 τὴν
437 889 547 961 ὀπίσω
586 888 802 981 ἀναχώρησιν
834 888 930 983 αὐτῷ
966 898 1099 980 ἔφερεν,

135 995 285 1078 ἐκφαίνει
324 995 357 1074 ἐς
393 990 457 1080 τὴν
495 992 654 1085 στρατιάν
692 991 743 1064 ότι
788 997 951 1079 ἔγνωσται
990 991 1099 1062 ὀπίσω

134 1091 366 1180 ἀποστρέφειν.

94 1224 122 1266 ιο
215 1197 260 1264 Οί
283 1193 321 1262 δέ
348 1193 454 1281 ἐβόων
480 1221 516 1264 τε
538 1189 595 1265 οἷα
611 1191 654 1263 ἂν
672 1193 769 1283 όχλος
787 1194 951 1283 ξυμμιγὴς
969 1201 1096 1284 χαίρων
1107 1203 1150 1268 29

134 1293 265 1382 βοήσειε
290 1296 347 1364 καί
375 1295 541 1383 ἐδάκρυον
567 1300 603 1365 οί
621 1295 740 1364 πολλοὶ
758 1293 890 1364 αὐτῶν·
935 1299 970 1365 ολ
986 1295 1024 1366 δὲ
1041 1298 1100 1364 καί

134 1401 178 1483 τῇ
205 1397 312 1482 σκηνῇ
339 1401 381 1485 τῇ
400 1400 559 1484 βασιλικῇ
576 1395 769 1479 πελάζοντες
787 1393 927 1483 εὔχοντο
943 1391 1100 1478 Ἀλεξάν-

136 1500 208 1587 δρφ,
225 1494 333 1564 πολλά
347 1497 404 1564 καί
431 1495 556 1584 άγαθά,
583 1494 635 1565 ὅτι
651 1494 735 1585 πρός
753 1500 852 1584 σφών
869 1496 986 1584 μόνοιν
1003 1524 1100 1585 νικη«
1194 1559 1199 1564 .

135 1599 238 1682 θῆναι
263 1589 430 1684 ἠνέσχετο.
472 1603 557 1668 ἔνθα
583 1595 624 1684 δὴ
651 1593 771 1666 διελών
792 1596 880 1666 κατά
905 1598 1010 1680 τάξεις
1036 1598 1100 1684 τὴν

96 1727 123 1768 ιε
137 1696 294 1785 στρατιάν
314 1697 446 1766 δώδεκα
464 1695 599 1785 βωμοός
619 1694 875 1780 κατασκευάζειν
893 1698 1101 1787 προστάττει,

137 1795 225 1885 ὕψος
251 1795 313 1884 μὲν
339 1797 423 1866 κατά
449 1796 530 1877 τοός
556 1805 735 1885 μεγίστους
754 1795 919 1887 πόργους,
946 1789 1045 1888 εὖρος
1063 1799 1101 1868 δὲ

136 1904 287 1986 μείζονας
305 1903 352 1966 ἔτι
370 1895 392 1986 ἢ
410 1897 494 1967 κατά
514 1897 682 1986 πύργους,
706 1897 901 1986 χαριστήρια
920 1913 989 1978 τοῖς
1006 1911 1101 1978 θεοῖς

135 2013 206 2078 τοῖς
233 2001 266 2079 ἐς
285 1999 426 2068 τοσόνδε
445 1997 631 2084 άγαγοῦσιν
652 1992 760 2066 αότόν
776 2003 923 2066 νικώντα
939 2001 997 2067 καὶ
1013 2027 1116 2088 μνη-·

135 2101 214 2187 μεῐα
238 2105 308 2168 τών
333 2093 440 2168 αὖτοῦ
466 2099 593 2168 πόνων.
646 2098 692 2178 ώς
724 2097 762 2167 δὲ
795 2101 1134 2187 κατεσκευασμένων

95 2230 123 2270 ιο
137 2197 231 2291 αὐτῷ
258 2205 293 2269 ολ
315 2200 424 2288 βωμοὶ
441 2189 539 2286 ἦσαν,
565 2198 644 2268 θώει
662 2197 704 2286 δὴ
723 2194 776 2267 ἐπ’
800 2197 916 2268 αότών
935 2197 980 2280 ώς
997 2201 1101 2290 νόμος

135 2301 192 2368 καὶ
218 2298 335 2387 άγώνα
352 2315 443 2369 ποιεῖ
456 2299 623 2389 γυμνικόν
639 2326 675 2368 τε
692 2299 749 2368 καί
768 2299 916 2369 ἱππικόν.
962 2301 1020 2368 καὶ
1038 2301 1102 2388 τὴν

135 2400 199 2488 μὲν
221 2399 335 2492 χώραν
359 2400 420 2488 τὴν
437 2402 533 2492 μέχρι
557 2406 621 2470 τοῦ
636 2395 790 2488 Ὑφάσιος
808 2405 960 2489 ποταμοῦ
987 2402 1103 2494 Πώρῳ

137 2499 251 2587 άρχειν
282 2503 505 2590 προσέθηκεν,
538 2499 641 2581 αότδς
676 2500 713 2570 δὲ
746 2501 801 2568 ἐπὶ
825 2499 886 2571 τόν
909 2496 1101 2590 Ὑδραώτην

13 2683 14 2688 ¹
137 2598 330 2690 ἀνέστρεφε.
383 2603 499 2688 διαβὰς
538 2600 576 2669 δὲ
612 2599 673 2670 τὸν
701 2598 909 2690 Ὑδραώτην,
951 2603 1007 2673 ἐπὶ
1039 2601 1101 2672 τόν

13 2701 14 2706 ’
96 2729 123 2769 τε
134 2697 311 2787 Ἀκεσίνην
337 2691 381 2770 αὖ
410 2700 546 2790 ἐπανῄει
572 2696 691 2769 ὀπίσω.
735 2702 792 2768 καί
819 2704 969 2772 ἐνταῦθα
995 2726 1139 2774 κατα-3

136 2800 299 2887 λαμβάνει
324 2799 386 2888 τὴν
404 2800 503 2870 πόλιν
530 2800 827 2892 ἐξῳκοδομημένην
850 2799 966 2888 ἥντινα
981 2802 1102 2889 Ἡφαι-

136 2909 240 2970 στίων
282 2895 376 2992 αὐτῷ
413 2904 586 2989 ἐκτειχίσαι
621 2900 761 2988 ἐτάχθη·
813 2901 869 2969 καί
905 2905 939 2981 ἐς
974 2902 1104 2990 ταύτην

135 3005 327 3084 ξυνοικίσας
345 3008 414 3072 τών
431 3029 467 3071 τε
485 3001 692 3092 προσχώρων
711 3001 785 3070 ὅσοι
801 3002 976 3072 ἐθελονταί
990 3029 1097 3094 κατω-

135 3110 265 3186 κίζοντο
297 3104 353 3172 καί
379 3109 448 3172 τών
473 3103 694 3193 μισθοφόρων
720 3100 740 3170 ὅ
765 3127 797 3170 τι
821 3127 885 3192 περ
911 3097 1104 3192 άπόμαχον,

95 3232 123 3272 ιο
136 3202 241 3284 αὐτός
267 3205 307 3273 τὰ
327 3205 381 3273 ἐπὶ
399 3209 446 3297 τῷ
465 3203 624 3297 κατάπλῳ
641 3202 905 3294 παρεσκευάζετο
922 3209 971 3296 τῷ
992 3205 1025 3286 ἐς
1038 3203 1102 3294 τήν

135 3305 285 3398 μεγάλην
301 3296 497 3376 θάλασσαν.

209 3403 264 3478 Ἐν
295 3407 402 3500 τούτῳ
435 3407 473 3476 δὲ
496 3406 667 3495 «άφίκοντο
693 3405 777 3495 πρδς
805 3403 914 3476 αὐτόν
936 3403 1136 3498 Ἀρσάκηςι

843 3516 897 3570 16⁸
