2620 3924
220 145 281 209 160
572 142 825 202 εεεεεκεεοο

216 309 437 392 τεκμηρίωσιν
468 307 603 390 τίθεμαι
635 296 682 383 ώς
714 300 792 372 ούτε
823 303 861 372 τό
896 307 991 392 σώμα
1031 301 1096 398 δτῳ
1130 315 1186 391 είη

214 403 398 494 καρτερόν,
436 401 516 472 οὔτε
547 402 637 483 ὅστις
662 405 750 488 γένει
777 404 957 492 ἐπιφανής,
990 404 1070 474 ούτε
1095 407 1184 473 κατὰ

215 505 364 592 πόλεμον
390 512 423 574 εί
446 503 490 590 δή
521 531 570 584 τις
597 509 788 592 διευτυχοίη
816 511 863 572 ἔτι
887 511 1018 592 μᾶλλον
1043 502 1064 594 ἣ
1086 504 1185 576 Ἀλί-
1256 519 1259 526 ’

214 610 370 694 ξανδρος,
403 600 486 674 ούδὲ
512 611 545 673 εί
576 603 638 691 την
664 603 796 692 Λιβύην
820 631 870 685 τις
897 605 982 693 πρός
1008 610 1050 694 τῇ
1075 602 1183 696 Ἀσίᾳ,

214 707 371 793 καθάπερ
398 698 462 774 ούν
481 705 609 773 ἐπενόει
626 702 765 791 ἐκεῖνος,
792 705 1054 795 ἐκπεριπλεύσας
1076 709 1211 775 κατά-ε

215 827 306 893 σχοι,
342 803 425 874 ούδὲ
451 812 483 874 εί
506 803 568 892 τὴν
595 802 769 895 Εύρώπην
792 808 847 875 ἐπὶ
873 811 916 896 τῇ
939 806 1035 898 Ἀσία
1061 809 1182 878 τεκαὶ

216 907 332 996 Λιβύη
354 913 481 995 τρίτην,
507 905 639 975 τούτων
663 901 768 975 ούδίν
792 931 824 975 τι
855 904 977 994 ὄφελος
1003 911 1038 988 ἐς
1064 906 1183 977 εύδαι-

215 1015 338 1094 μονίαν
375 1005 579 1095 άνθρώπον,
620 1015 653 1076 εί
689 1005 734 1096 μὴ
769 1023 960 1095 σωφρονεῖν
1000 1011 1042 1077 ἐν’
1068 1006 1181 1100 τούτῷ

215 1103 360 1197 ύπάρχει
392 1109 502 1200 τούτῳ
536 1112 584 1199 τῷ
619 1105 795 1199 άνθρώπςο
819 1111 866 1200 τῷ
893 1106 934 1176 τά
967 1108 1108 1197 μεγάλα,
1135 1107 1182 1190 ώς

216 1215 321 1295 δοκεῖ,
354 1208 531 1299 πράγματα
557 1207 728 1300 πράξαντι.
1196 1239 1223 1278 ιο

177 1311 199 1374 8
279 1308 391 1380 Ἔνθα
408 1310 450 1396 δὴ
468 1310 524 1378 καὶ
540 1311 578 1378 τό
594 1316 739 1380 Κλείτου
756 1313 818 1378 τοῦ
833 1315 1021 1400 Δρωπίδου
1038 1310 1180 1400 πάθημα

215 1410 272 1479 καὶ
299 1411 361 1497 τὴν
384 1409 606 1499 Ἀλεξάνδρου
634 1405 688 1480 ἐπ’
722 1408 815 1502 αύτῷ
844 1411 1039 1500 συμφοράν,
1065 1420 1098 1482 εί
1122 1413 1180 1480 καὶ

215 1511 332 1596 ὀλίγον
370 1509 515 1599 ὕστερον
555 1509 726 1598 ἐπράχθη,
767 1509 832 1580 ούκ
872 1513 934 1592 ἔξω
960 1516 1026 1580 Ιτοῦ
1058 1519 1180 1600 καιροῦ

215 1610 438 1699 ἀφηγήσομαι.
503 1609 590 1680 εἶναι
629 1611 691 1699 μὲν
728 1611 795 1700 γάρ
826 1609 954 1700 ἡμέραν
992 1611 1085 1700 ίεράν
1117 1615 1179 1682 τοῦ

216 1713 390 1782 Διονύσου
417 1711 593 1781 Μακεδόσι
624 1714 682 1780 καὶ
713 1713 813 1782 θύειν
839 1713 1001 1805 Διονύσῳ
1033 1709 1096 1781 ὅσα
1122 1718 1180 1801 ἔτη
1196 1739 1223 1780 ιε

179 1816 254 1882 νίν
288 1810 377 1901 αύτῇ
401 1807 638 1902 Ἀλέξανδρον·
675 1813 738 1882 τόν
764 1811 802 1882 δὲ
827 1819 888 1882 τοῦ
915 1812 1091 1884 Διονύσου
1117 1813 1180 1901 μὲν

215 1916 253 1982 ε’ν
289 1916 336 2006 τῷ
375 1915 448 1983 τότε
486 1911 649 2002 άμελῆσαι
690 1913 824 2000 λέγουσι
832 1965 843 2000 ,
882 1913 1108 2002 Διοσκούροιν
1141 1913 1180 1983 δὲ

213 2017 328 2103 θύσαι,
357 2016 390 2094 ἐξ
417 2012 497 2083 ὅτου
525 2017 567 2102 δὴ
591 2013 844 2102 ἐπιφρασθέντα
860 2029 933 2083 τοῖν
952 2008 1180 2102 Διοσκούροιν

213 2117 276 2200 τὴν
301 2121 446 2183 θυσίαν·
480 2115 595 2203 πόρρω
622 2114 660 2181 δὲ
685 2116 747 2182 τού
775 2113 881 2182 πότου
900 2115 1080 2204 προϊόντος
1106 2113 1180 2204 (καὶ

214 2216 280 2304 γάρ
319 2217 375 2282 κοιλ
413 2213 454 2283 τά
487 2220 557 2282 τών
595 2213 710 2282 πότων
735 2212 799 2302 ἤδη
829 2211 1039 2308 Ἀλεξάνδρῳ
1074 2219 1109 2296 ἐς
1141 2215 1222 2284 τόεο

212 2314 505 2406 βαρβαρικώτερον
530 2313 779 2403 νενεωτέριστο)
797 2311 868 2382 ἀλλ’
898 2321 935 2384 ἔν
961 2343 1000 2402 χε
1021 2320 1068 2408 τῷ
1087 2315 1180 2409 πότῳ

213 2418 288 2487 τότε
326 2415 416 2503 ύπὲρ
454 2430 528 2483 τοῖν
568 2415 793 2500 Διοσκούροιν
828 2415 951 2501 λόχους
990 2422 1179 2502 γίγνεσθαι,
1243 2417 1249 2421 ’

214 2517 305 2598 ὅπως
333 2521 366 2596 ἐς
389 2524 460 2586 Δία
486 2513 658 2605 άνηνέχθη
685 2514 806 2584 αύτοίυ
831 2515 853 2602 ἡ
880 2517 1009 2602 γένεσις
1034 2516 1179 2606 άφαιρε-

178 2636 196 2685 3
213 2630 314 2689 θεῖσα
338 2617 530 2706 Τυνδάρεω.
557 2625 619 2686 καί
632 2644 725 2696 τινας
742 2621 812 2685 τών
828 2617 1007 2705 παρόντων
1020 2625 1180 2709 κολακείᾳ

213 2724 254 2809 τῇ
281 2714 516 2809 Ἀλεξάνδρου,
542 2713 607 2787 οἷοι
633 2717 675 2804 δὴ
702 2716 822 2807 ἄνδρες
848 2719 1045 2807 διέφθειράν
1070 2745 1106 2788 τε
1124 2719 1178 2789 ἀεὶ
1193 2747 1221 2788 νε

214 2823 270 2890 καὶ
305 2817 428 2889 ούποτε
467 2819 653 2889 παύσονται
690 2822 915 2907 ἐπιτρίβοντες
952 2820 994 2888 τὰ
1024 2823 1094 2888 τών
1125 2819 1179 2890 άεὶ

213 2923 380 3008 βασιλέων
407 2921 598 3010 πράγματα,
623 2917 697 2987 κατ’
716 2917 820 2988 οὐδὲν
837 2919 956 3001 άξιούν
973 2921 1180 3010 συμβάλλειν

209 3022 420 3114 Ἀλεξάνδρῳ
459 3047 495 3089 τε
526 3022 584 3089 καὶ
617 3035 689 3097 τοῖς
717 3017 939 3109 Ἀλεξάνδρου
977 3028 1085 3110 ίρχοις
1116 3021 1178 3092 τόν

213 3122 439 3208 Πολυδεύκην
469 3123 528 3189 καὶ
559 3119 620 3188 τόν
652 3113 819 3209 Κάστορα.
872 3126 909 3190 οί
937 3121 976 3190 δὲ
1008 3123 1090 3190 οὐδὲ
1115 3125 1176 3191 τοῦ

209 3222 413 3311 Ἡρακλέους
434 3219 613 3307 ἀπείχοντο
635 3223 672 3290 ίν
691 3225 740 3312 τῷ
759 3222 868 3314 πότῳ·
897 3217 982 3291 άλλδι
1001 3223 1062 3292 τὸν
1082 3223 1217 3310 φθόαι

211 3349 275 3402 νον
301 3321 366 3410 γάρ
394 3319 551 3409 ἐμποδών
577 3325 734 3391 ἵστασθαι
757 3337 828 3402 τοῖς
844 3328 921 3406 ζώσι
939 3323 977 3392 τό
995 3325 1041 3412 μὴ
1058 3323 1099 3393 ού
1118 3322 1178 3403 τάς

210 3429 345 3503 δικαίας
371 3422 469 3510 τιμάς
495 3419 612 3502 αότοίς
640 3426 771 3492 ἐκτῶν
797 3423 971 3504 ξυνόντων
989 3433 1176 3512 γίγνεσθαι.
