2620 3924
216 159 258 225 96
571 155 823 216 ελεεευεεοτ

219 313 343 371 νασθαι
372 297 427 369 ὅτι
451 301 508 368 καὶ
540 297 644 378 αάτδς
674 295 736 386 δυ,
768 307 861 385 είπερ
889 305 1094 386 Παρμενίων
1123 289 1180 387 ἦν,

219 401 327 483 οὕτως
347 401 507 490 ἔπραξεν,
533 401 604 469 ἐπεὶ
622 400 661 468 δδ
674 399 895 489 Ἀλέξανδρός
914 401 1015 486 ἐστιν,
1034 399 1179 488 ἀποκρί-

184 515 338 573 3νεσθαι
357 510 493 594 Δαρείῳ
519 499 604 588 άπερ
629 501 670 588 δὴ
694 503 750 568 καὶ
775 499 988 588 ἀποκριναπο.
1026 507 1088 588 ἔφη
1113 502 1180 589 γάρ

219 605 297 674 οὔτε
305 605 485 694 χρημάτων
495 608 632 690 δεῖσθαι
639 602 730 691 παρὰ
745 611 895 692 Δαρείου
909 600 988 670 οὔτε
996 605 1054 688 τῆς
1068 603 1181 691 χώρας

219 715 336 796 λαβεῖν
361 705 439 774 άντλ
462 704 654 792 τηςκπάσης
676 703 715 772 τδ
739 703 854 792 μέρος·
882 702 968 772 εἶναι
991 703 1057 792 γάρ
1082 704 1124 771 ’τά
1145 729 1181 773 τε
1208 734 1221 775 ι
1295 759 1296 766 ,

218 809 369 896 χρήματα
387 809 444 876 καὶ
462 807 524 893 τὴν
542 806 658 894 χάραν
681 802 789 874 αὑτοῦ
809 809 938 874 πᾶσαν·
963 809 1070 894 γῆμαί
1084 832 1120 874 τε
1137 802 1182 874 ἂν

220 911 323 998 ίδέλη
338 909 399 995 τὴν
414 915 565 995 Δαρείου
584 911 702 994 παῖδα,
720 913 823 996 γῆμαι
837 903 879 975 διν
893 908 949 974 καλ
964 905 1005 975 οὐ
1025 907 1181 987 διδόντος
1216 905 1224 920 ’

219 1018 386 1100 Δαρείου·
424 1009 557 1078 ἐκέλευέ
581 1035 617 1078 τε
640 1007 750 1076 αάτδυ
772 1006 884 1096 ἣκειν,
916 1017 951 1076 εί
964 1036 995 1076 τι
1019 1007 1182 1096 εὑρέσθαι

221 1111 597 1199 ἐθέλοι-φιλάνθρωπον
615 1108 695 1197 παρ’
715 1109 833 1178 αὑτοῦ.
867 1112 975 1178 ταῦτα
993 1109 1038 1189 οδς
1056 1108 1182 1196 ἤκουσε

220 1225 380 1301 Δαρεῖος,
397 1212 458 1291 τάς
476 1211 538 1299 μὲν
556 1211 734 1298 ξυμβάσεις
752 1209 889 1297 άπέγνω
906 1209 967 1290 τοὶς
985 1211 1070 1298 πρὸς
1084 1210 1181 1281 Ἀλέ-
1196 1242 1222 1281 ιο

219 1317 386 1402 ξανδρον,
405 1315 442 1381 ἐν
460 1317 656 1401 παρασκευῇ
676 1311 715 1380 δὲ
733 1317 794 1380 τοῦ
814 1311 964 1400 πολέμου
982 1303 1084 1392 αὖθις
1102 1305 1153 1399 ἦν.

184 1432 203 1480 4
292 1412 511 1502 Ἀλέξανδρος
526 1413 564 1482 δὲ
575 1410 626 1482 ἐπ’
642 1412 826 1500 Αίγάπτου
842 1419 928 1500 ἔγνω
943 1424 1111 1483 ποιεῖσθαι
1120 1415 1182 1482 τὸν

220 1517 352 1585 στόλον
388 1517 445 1582 καὶ
462 1505 505 1600 ἦν
523 1513 617 1604 αὐτῷ
635 1540 677 1581 τα
666 1514 759 1602 μὲν
776 1513 862 1583 ἄλλα
879 1519 939 1601 τῆς
953 1523 1182 1602 Παλαιστίνης

219 1615 430 1704 καλουμένης
445 1622 578 1704 Συρίας
596 1616 895 1704 προσκεχωρηκότα
912 1614 984 1704 ηδη.
1018 1615 1182 1718 εὐνοῦχος

221 1717 260 1786 δέ
276 1744 370 1808 τις,
357 1743 384 1784 ω
412 1741 519 1804 ονομα
532 1707 574 1802 ἦν
588 1716 702 1803 Βάτις,
720 1722 854 1805 κρατῶν
871 1743 930 1806 της
945 1725 1096 1800 Γαζαίων
1115 1719 1181 1786 πό·
1196 1745 1222 1788 15

221 1825 325 1906 λεως,
350 1816 390 1886 οά
416 1832 594 1946 προσεῖχεν
612 1816 841 1910 Ἀλεξάνδρῳ,
866 1817 952 1887 άλλά
966 1815 1116 1907 ’Ἄραβάς
1147 1847 1183 1889 τε

219 1918 411 2008 μισδωτοδς
436 1918 642 2006 ἐπαγόμενος
665 1920 722 1988 καὶ
747 1933 842 1988 σιτου
870 1923 906 1988 ἐκ
929 1924 1057 1988 πολλοῦ
1077 1943 1182 2009 παρε-

220 2020 392 2099 σκευακὼς
406 2025 526 2107 διαρκῆ
537 2023 570 2098 ἐς
584 2019 720 2107 χρόνιον
730 2028 927 2110 πολιορκίαν
936 2023 1054 2112 καὶτῷ
1068 2029 1182 2114 χωρίῳ

221 2122 399 2206 πιστεύων,
417 2121 544 2207 μήποτε
562 2117 605 2187 biv
622 2127 682 2210 βία
700 2119 840 2208 ἁλῶναι,
860 2128 948 2207 ἔγνω
965 2122 1010 2210 μὴ
1026 2121 1184 2208 δέχεσθαι

220 2228 262 2312 τῇ
283 2222 377 2290 πόλει
391 2221 623 2309 Ἀλέξανδρον.
1196 2253 1223 2294 εο

171 2331 212 2398 26
294 2321 424 2408 Ἀπὲχει
441 2321 479 2390 δὲ
495 2321 516 2410 ἡ
535 2321 622 2408 Γάζα
639 2326 698 2410 τῆς
715 2321 778 2410 μὲν
801 2323 974 2412 θαλάσσης
993 2333 1097 2394 είκοσι
1115 2325 1183 2412 μά-

221 2433 315 2494 λιστα
339 2428 517 2510 σταδίους,
541 2425 599 2492 καὶ
624 2429 692 2492 ἔστι
715 2424 903 2512 ψαμμώδης
925 2427 982 2494 καί
1006 2433 1130 2514 βαθεῖα
1149 2430 1183 2506 ἐς

221 2524 329 2612 αὐτὴν
351 2523 373 2609 ἡ
398 2522 521 2603 άνοδος
543 2526 601 2591 καὶ
624 2524 646 2610 ἡ
669 2525 827 2594 θάλασσα
848 2525 869 2613 ἡ
894 2527 979 2594 κατὰ
1003 2529 1066 2614 τὴν
1084 2527 1183 2598 πάλιν

220 2624 413 2712 τεναγώδης
428 2627 527 2693 πᾶσα.
542 2625 669 2714 μεγάλη
684 2626 721 2695 δὲ
735 2627 832 2706 πόλις
849 2625 870 2714 ἡ
890 2628 977 2710 Γάζα
994 2619 1036 2715 ἦν
1054 2630 1111 2696 καὶ
1127 2629 1183 2696 ἐπὶ

220 2727 373 2814 χάματος
404 2723 540 2814 ὑψηλοῦ
574 2724 693 2817 ᾤκιστο
725 2729 782 2796 καὶ
811 2743 920 2814 τεῖχος
950 2729 1183 2818 περιεβέβλητο
1197 2757 1222 2798 ει

221 2827 309 2916 αὐτῇ
334 2825 470 2916 ὀχυρόν.
514 2828 634 2916 ἐσχάτη
660 2828 698 2897 δὲ
723 2827 841 2918 ᾠκεῖτο
865 2827 910 2908 οἱς
937 2827 985 2897 ἐπ’
1005 2840 1184 2916 Δίγυπτον

224 2933 275 2998 ἐκ
282 2935 475 3016 Φοινίκηςί
475 2927 547 2997 άντι
566 2931 682 2998 ἐπὶ
639 2955 681 3017 τη
701 2928 790 3018 ἀρχῇ
808 2932 867 3016 τῆς
878 2929 1021 3056 ἐρήμου.

187 3043 204 3090 2
295 3029 514 3116 Ἀλέξανδρος
540 3027 628 3098 δὲ
602 3055 648 3108 ως
665 3029 806 3117 ἄφίκετο
825 3031 908 3120 πρὸς
926 3059 989 3119 την
1007 3030 1117 3119 πόλιν,
1141 3035 1183 3121 τῇ
1240 3077 1246 3082 -

222 3155 285 3218 μιν
294 3129 416 3219 πράτη
435 3122 843 3218 κατεστρατοπέδευσεν
821 3157 843 3221 η
862 3133 1005 3254 μάλιστα
1021 3125 1185 3258 ἐπίμαχον

223 3229 316 3321 αὐτῷ
338 3231 541 3318 ἐφαίνετο
507 3257 545 3300 το
563 3246 685 3319 τεῖχος,
699 3234 756 3300 καί
774 3231 925 3321 μηχανάς
944 3235 1186 3322 συμπηγνύναι
1198 3262 1224 3304 ιο

224 3331 407 3401 ἐκέλευσεν.
436 3337 473 3400 οί
487 3331 525 3400 δὲ
542 3335 762 3421 μηχανοποιοὶ
781 3334 920 3422 γυάμην
940 3333 1185 3426 ἀπεδείκνυντο

222 3431 352 3522 άπορον
382 3432 467 3502 εἶναι
496 3441 557 3525 βίᾳ
588 3436 676 3503 ἑλεῖν
705 3435 743 3502 τδ
776 3449 883 3520 τεῖχος
915 3435 970 3504 διά
1001 3433 1091 3516 ὕψος
1123 3441 1185 3506 τοῦ
