2632 3922
495 163 679 214 ΑΝΑΒΑΣΙΣ
697 165 728 228 6,
746 167 770 217 7.
1052 163 1116 228 253

149 320 331 406 διέφθειρε.
374 318 432 386 καί
459 316 562 399 αὑτός
589 317 634 399 ὑς
661 317 728 407 εἶχε
753 317 935 408 ξυνδιαβὰς
954 319 1036 388 κατά
1055 319 1149 390 τόνθ

150 417 258 487 αὑτὸν
278 416 385 507 πόρον
412 419 544 487 διω’κων
562 429 668 506 είχετο
686 424 754 489 τῶν
766 419 981 506 ,φθασάντων
1000 417 1035 500 ές
1052 419 1116 508 την

150 515 374 605 ἀποχώρησιν.
419 519 475 586 καί
502 517 650 599 πολλοὺς
676 518 739 606 μὲν
766 517 960 588 άπέκτεινεν
986 516 1115 606 αὑτῶν,

149 617 231 698 τοὺς
250 617 288 686 δὲ
301 619 359 686 καὶ
377 622 502 701 ζοόντας
521 624 654 707 ἔλαβεν,
672 623 708 688 οί
717 625 856 699 πλείους
871 618 909 687 δὲ
922 621 1116 707 κατέφυγον

123 725 187 798 εἰς
204 745 234 786 τι
252 724 376 808 χωρίον
394 715 520 808 ὀχυρόν
538 721 596 788 καί
614 720 866 812 τετειχισμένον.
897 717 1116 808 Ἀλέξανδρος

151 820 209 906 δέ,
241 815 285 898 ὥς
316 821 350 886 οἰ
379 819 468 901 πεζοὶ
499 816 663 906 άφίκοντο
694 817 804 912 αὐτῷ,
840 818 1033 888 ἀποστέλλει
1059 819 1115 889 έπί

150 919 294 997 τούτους
321 925 485 988 Πείθωνα
510 919 573 1006 τη’ν
598 945 635 989 τε
661 919 771 988 αὑτοῦ
796 918 888 1000 τάξιν
915 926 1033 1006 ἔχοντα
1059 921 1115 988 καὶ

150 1025 220 1086 τῶν
240 1019 370 1086 ἰππέων
388 1019 452 1088 δὺο
473 1025 664 1109 ἱππαρχίας.
691 1021 749 1088 καί
767 1011 860 1088 οὑτοι
877 1018 919 1106 δὴ
939 1017 972 1099 έξ
987 1019 1114 1107 έφόδου
1133 1035 1149 1084 3

153 1117 401 1205 προσβαλόντες
420 1120 630 1207 λαμβάνουσι
646 1121 684 1188 τδ
703 1127 828 1208 χωρίον
841 1121 898 1188 καί
915 1119 997 1200 τοὺς
1011 1147 1114 1189 κατα-

111 1239 138 1278 10
155 1217 365 1306 πεφευγότας
383 1216 419 1298 ἒς
437 1218 520 1288 αὑτδ
540 1217 808 1310 ἠνδραπόδισαν,
826 1217 898 1288 ὅσοι
911 1219 1007 1307 γεμὴ
1023 1223 1059 1289 έν
1073 1227 1115 1311 τῇ

151 1324 326 1408 προσβολῇ
359 1318 605 1408 διεφθάρησαν,
660 1325 767 1406 ταῦτα
799 1319 838 1388 δέ
871 1323 906 1387 οἰ
937 1317 1023 1408 άμφί
1055 1320 1115 1390 τδν

152 1424 316 1490 Πείθωνα
349 1418 610 1509 διαπραξάμενοι
648 1419 842 1507 ἐπανῆλθον
875 1410 976 1500 αὖθις
1009 1419 1043 1500 ές
1076 1421 1114 1490 τδ

151 1519 388 1607 στρατόπεδον.

227 1616 339 1699 Αὑτδς
366 1619 404 1688 δὲ
427 1617 647 1710 Ἀλέξανδρος
674 1614 720 1702 οδς
747 1621 801 1689 έπί
818 1623 888 1689 τῶν
902 1620 1150 1709 Βραχμάνωνε

110 1739 138 1780 1⁵
151 1716 224 1788 τινά
243 1718 342 1788 πόλιν
367 1711 462 1806 ἦγεν,
490 1719 543 1789 ότι
568 1722 625 1788 καί
650 1723 682 1800 ές
700 1721 826 1806 ταύτην
844 1721 1115 1808 ξυμπεφευγέναι

150 1818 242 1899 τινάς
265 1824 334 1888 τῶν
361 1817 528 1889 Μαλλῶν
544 1827 679 1906 ἔμαθεν.
725 1818 770 1900 ὑς
797 1820 835 1888 δὲ
861 1817 1001 1908 άφίκετο
1028 1818 1114 1911 πρός

151 1916 270 2006 αὑτήν,
299 1923 402 2010 έπῆγε
419 1923 466 2011 τῷ
484 1925 585 2006 τείχει
602 1919 773 1989 πάντοθεν
799 1919 933 2006 πυκνὴν
958 1919 1020 2007 τὴν
1046 1921 1112 2008 φά-

151 2027 269 2106 λαγγα.
314 2024 350 2088 οἰ
371 2019 409 2088 δὲ
435 2013 697 2108 ὑπορυσσόμενα
722 2015 763 2086 τά
789 2025 881 2106 τείχη
910 2019 1039 2100 ἰδόντες
1057 2021 1115 2088 καί

152 2122 188 2188 ἐκ
220 2120 289 2189 των
322 2124 434 2206 βελοῖν
469 2118 749 2208 ἀναστελλόμενοι
774 2119 816 2186 τά
850 2119 913 2207 μδν
938 2125 1030 2208 τείχη
1056 2123 1114 2190 καί

111 2239 138 2279 2⁰
152 2211 243 2288 οὗτοι
269 2221 498 2308 ἐκλείπουσιν,
533 2223 567 2300 ές
594 2219 632 2288 δὲ
657 2218 721 2307 την
747 2216 854 2309 άκραν
880 2219 1115 2308 ξυμφυγόντες

152 2323 285 2418 ἐκεῖθεν
298 2319 483 2408 ἡμὺνοντο·
504 2319 792 2400 ξυνεισπεσόντων
806 2319 844 2388 δδ
858 2318 974 2402 αὑτοῖς
988 2321 1116 2407 ὀλίγων
1131 2367 1132 2372 1

153 2419 365 2490 Μακεδόνων
390 2419 673 2510 μεταβαλλόμενοι
698 2421 755 2488 καὶ
772 2422 1017 2510 ξυστραφέντες
1034 2422 1115 2502 τοὺς

152 2519 216 2607 μὲν
237 2519 380 2598 ἐξέωσαν
398 2518 523 2606 αὑτοῖν,
542 2519 740 2590 άπέκτειναν
755 2520 793 2588 δὲ
807 2523 843 2589 έν
856 2525 898 2608 τῇ
913 2520 1115 2611 ὑποστροφῇ
1231 2567 1235 2576 ·

153 2622 189 2698 ές
215 2620 315 2688 πέντε
340 2622 396 2689 καί
424 2631 536 2689 εἰκοσι.
569 2621 626 2689 καί
644 2623 681 2689 ἐν
698 2621 807 2712 τοὺτφ
822 2616 1039 2710 Ἀλέξανδρος
1056 2623 1115 2702 τάς
1133 2651 1150 2700 5

112 2743 140 2785 ει
152 2745 189 2787 τε
207 2726 371 2805 κλίμακας
393 2719 523 2788 κελεόει
543 2721 714 2788 πάντοθεν
731 2722 1009 2810 προστιθέναιτῇ
1028 2718 1115 2812 άκρφ

152 2819 210 2887 καὶ
227 2817 432 2907 ὑπορύττειν
457 2818 495 2888 τό
515 2833 632 2906 τεῖχος.
677 2818 722 2900 ὑς
741 2820 779 2888 δὲ
796 2819 927 2909 πόργος
945 2847 981 2890 τε
1000 2828 1117 2892 έπεσεν

152 2918 430 3010 ὑπορυσσόμενος
448 2922 502 2988 καί
522 2925 584 2989 τοὺ
600 2926 831 3010 μεταπυργίου
849 2946 880 2988 τι
899 2922 1116 3012 παραρραγέν

154 3021 403 3110 ἐπιμαχωτέραν
436 3019 541 3110 ταὺτη
579 3024 713 3109 ἐποίησε
739 3021 800 3108 τὴν
826 3019 950 3110 άκραν,
984 3027 1115 3112 πρῶτος

150 3118 366 3207 Ἀλέξανδρος
409 3120 523 3207 ἐπιβάς
558 3125 617 3190 τοῦ
653 3128 791 3209 τείχους
821 3121 922 3210 όόφθη
958 3128 1043 3210 ἔχων
1075 3123 1113 3191 τδ

113 3251 139 3292 εο
152 3237 267 3310 τεῖχος.
318 3220 375 3289 καὶ
405 3227 526 3290 τοῦτον
561 3221 689 3302 ἰδόντες
723 3227 758 3291 οἰ
788 3220 884 3292 άλλοι
917 3223 1149 3304 Μακεδόνεςς

152 3322 394 3409 αἰσχυνθέντες
421 3319 520 3402 άλλος
544 3321 629 3412 άλλη
656 3318 816 3410 άνῄεσαν.
859 3323 965 3412 εἰχετό
989 3351 1025 3392 τε
1049 3320 1114 3410 ἤδη

152 3419 172 3507 ἡ
200 3419 299 3512 άκρα,
326 3422 383 3492 καί
408 3427 477 3492 τάν
502 3417 619 3492 Ἰνδῶν
640 3427 675 3492 οἰ
688 3422 751 3512 μὲν
768 3422 827 3506 τάς
846 3429 954 3506 οἰκίας
974 3427 1114 3512 ἐνεπίμ-
