2620 3924
469 170 653 221 εαεοεαιυ
670 170 700 232 4,
718 171 744 221 ε.
1026 165 1086 230 161

196 332 341 394 Κλεῖτον
368 323 407 393 δέ
433 326 537 412 δῆλον
562 315 626 412 μὲν
652 322 737 395 εἶναι
762 325 866 394 πάλαι
887 321 952 412 ἤδη
978 322 1120 410 άχθό·4

117 451 222 515 μενον
246 429 309 494 τοῦ
331 451 367 495 τε
381 424 605 514 Ἀλεξάνδρου
623 430 664 514 τῇ
687 428 720 506 ἐς
737 425 775 494 τό
795 425 1087 515 βαρβαρικώτερον

117 524 329 614 μετακινήσει
349 525 407 596 καὶ
434 529 504 595 τόν
529 526 784 596 κολακευόντων
804 525 912 596 αὐτόν
929 541 1000 605 τοϊς
1026 521 1087 593 λό·

118 645 209 714 χοις·
235 626 312 696 τότε
338 625 377 696 δὲ
403 627 461 696 καλ
487 624 596 696 αὐτόν
623 626 707 716 πρὸς
731 631 792 697 τοῦ
821 637 917 697 οίνου
935 625 1085 716 παροξυ-

92 726 267 816 ενόμενον
293 727 358 796 οόκ
383 729 444 796 ἐάν
471 725 550 798 οὔτε
576 729 612 808 ἐς
635 725 673 797 τό
699 738 797 798 θεῖον
823 725 992 818 δβριζειυ,
1009 725 1087 796 οὔτε

119 831 160 898 τὰ
176 831 247 898 τῶν
264 827 367 898 πάλαι
381 827 502 917 ἡράειν
517 834 599 920 ἔργα
615 831 878 916 ἐκφαυλίζοντας
890 827 988 918 χάριν
1001 825 1087 897 ταά-

119 957 182 1018 την
200 927 322 1017 άχαριυ
338 929 559 1018 προστιθέναι
571 930 793 1022 Ἀλεξάνδρῳ.
818 927 905 1000 εἶναι
930 929 996 1018 γάρ
1021 919 1121 998 δόνει

121 1028 220 1100 οὔτε
237 1029 278 1100 τά
294 1029 519 1120 Ἀλεξάνδρου
538 1028 628 1100 οὕτω
644 1057 676 1099 τι
689 1030 819 1119 μεγάλα
833 1031 891 1100 καὶ
905 1027 1086 1117 θαυμαστά

41 1141 50 1156 ’
121 1127 168 1211 ὥς
183 1133 304 1202 ἐκείνοι
318 1133 532 1219 ἐπαίρουσιν·
557 1129 657 1200 οὔτε
672 1129 800 1202 αὐτὸν
812 1132 918 1220 μόνον
929 1157 970 1217 με
983 1155 1087 1200 κατα·
1189 1220 1191 1224 ι

84 1258 108 1300 ιο
122 1232 245 1322 πρᾶξαι
262 1230 370 1318 αὐτά,
396 1229 483 1300 άλλδι
507 1230 545 1301 τὸ
563 1232 651 1302 πολδ
671 1230 737 1322 γάρ
754 1233 855 1321 μέρος
874 1231 1088 1303 Μακεδόνων

120 1331 208 1402 εἶναι
227 1333 269 1402 τά
288 1339 379 1422 ἔργα.
420 1332 478 1402 καὶ
497 1335 620 1402 τοῦτον
639 1331 701 1402 τδν
726 1332 829 1419 λόγον
849 1329 1088 1402 ἀνιᾶσαι-Ἀλέ-

121 1434 271 1524 ξανδρον
298 1433 472 1520 λεχθέντα.
525 1431 610 1502 οὐδὲ
636 1433 702 1521 ἐμοὶ
730 1436 856 1503 ἐπαινοῖ
883 1431 945 1502 τδυ
971 1431 1088 1518 λόχον,

122 1533 209 1602 άλλιὶ
238 1531 359 1604 ίκαυδν
385 1531 452 1622 γάρ
470 1531 557 1603 εέναι
573 1540 707 1622 τίθεμαι
736 1537 773 1604 ἐν
789 1535 902 1626 τοιᾷδε
928 1539 1088 1622 παροινίᾳ

120 1633 160 1702 ιδ
186 1634 268 1704 καθ’
296 1632 403 1704 αὐτὸν
433 1640 581 1721 σιγῶντα
608 1639 694 1722 ἐχειν
725 1633 811 1723 μηδὲ
836 1631 878 1704 τά
905 1631 993 1703 αὐτά
1017 1647 1089 1713 τοῖς

86 1761 109 1803 ιε
122 1732 234 1814 ἄλλοις
261 1737 294 1816 ἐς
324 1733 505 1804 κολακείαν
529 1743 746 1824 πλημμελεῖν.
798 1733 843 1814 ὥς
870 1733 909 1804 δέ
934 1734 991 1803 καλ
1016 1735 1120 1802 τῶυθ

124 1842 297 1905 Φιλίππου
323 1835 412 1916 τινὲς
439 1842 567 1926 ἔργον,
594 1835 646 1904 ὅτι
671 1835 713 1905 οὐ
740 1835 871 1924 μεγάλα
888 1832 971 1904 οάδέ
992 1845 1085 1904 θαυ-

122 1937 232 2024 μαστά
256 1941 415 2028 Φιλίππῳ
432 1934 663 2026 κατεπράχθη,
681 1933 821 2027 οὐδεμιᾷ
834 1933 901 2016 ξδν
913 1939 993 2023 δίκη
1009 1938 1086 2004 ε’πε-

123 2033 338 2125 μνήσθησαν,
363 2037 569 2126 χαριζόμενοι
590 2040 647 2106 καὶ
670 2027 763 2106 οὗτοι
777 2035 1000 2126 Ἀλεξάνδρῳ,
1023 2034 1085 2104 τὸν

124 2144 269 2208 Κλεῖτον
286 2135 350 2224 ἤδη
369 2135 482 2206 οάκέτι
502 2139 538 2206 ἐν
558 2139 680 2206 ἑαυτοῦ
700 2135 781 2207 ὄντα
800 2135 999 2226 πρεσβεύειν
1021 2135 1085 2224 μὲν

83 2238 165 2306 κατὰ
192 2240 253 2308 τοῦ
283 2243 469 2324 Φιλίππου,
495 2237 717 2327 καταβάλλειν
743 2237 782 2307 δὲ
805 2236 1028 2326 Ἀλέξανδρόν
1054 2262 1090 2306 τε

123 2339 182 2408 καὶ
199 2336 240 2406 τά
258 2337 382 2408 τούτου
402 2344 502 2428 ἐρχα,
525 2343 753 2429 παροινοῦντα
770 2336 835 2426 ἤδη
852 2337 914 2408 τόν
931 2345 1089 2424 Κλεῖτον,

123 2438 165 2508 τά
177 2463 214 2508 τε
229 2437 315 2507 άλλα
332 2442 390 2508 καὶ
409 2440 516 2510 πολὺν
530 2438 615 2509 εἶναι
630 2440 870 2522 ἐξονειδίζοντα
881 2436 1090 2529 Ἀλεξάνδρῳ

125 2536 176 2608 ὅτι
190 2538 274 2629 πρὸς
287 2537 397 2610 αάτοό
414 2538 480 2629 άρα
498 2540 630 2628 ἐστάθη,
647 2538 782 2627 ὁπότεὴ
799 2536 1018 2628 λαπομαχίαὴ
1034 2540 1090 2608 ἐπὶ

125 2645 280 2732 Γρανικῷ
297 2640 500 2728 ξυνειστήκει
518 2640 604 2730 πρὸς
623 2641 772 2729 Πέρσας·
783 2655 788 2666 ’
799 2641 858 2710 καὶ
885 2638 927 2726 δὴ
953 2639 1010 2708 καὶ
1027 2638 1090 2727 τὴν
1108 2646 1124 2694 ⁷

82 2764 113 2808 νο
126 2741 239 2822 δεξιάν
256 2738 319 2828 τὴν
336 2739 442 2810 αὑτοῦ
462 2744 615 2829 σοβαρῶς
640 2740 880 2827 άνατείυαυτα,
908 2737 994 2826 αὕτη
1014 2759 1051 2809 σε
1068 2738 1090 2831 ἡ

124 2849 219 2930 χείρ,
236 2841 361 2929 φάναι,
380 2832 407 2910 τό
428 2840 644 2932 Ἀλέξανδρε,
663 2845 700 2913 ἐν
720 2845 766 2934 τῷ
784 2841 859 2911 τότε
878 2847 989 2911 ἐσυσε.
1032 2842 1090 2909 καλ

122 2939 344 3028 Ἀλέξανδρον
355 2941 467 3012 οὐκέτι
480 2943 595 3032 φέρειν
607 2945 669 3014 τοῦ
681 2946 825 3014 Κλείτου
835 2939 897 3029 τὴν
910 2948 1090 3029 παροινίαν

125 3067 163 3110 τε
188 3043 246 3111 καὶ
271 3040 391 3130 ὕβριν,
417 3041 504 3111 ἀλλὰ
528 3038 707 3131 άναπηδᾶν
733 3042 799 3133 γάρ
826 3041 890 3124 ξδν
916 3040 1002 3131 ὀργῇ
1032 3037 1087 3110 ἐπ’

127 3139 245 3230 αὐτόν,
263 3143 462 3230 κατέχεσθαι
479 3143 517 3213 δδ
533 3140 604 3213 όπδ
622 3151 692 3214 τοῖν
710 3143 953 3232 ξυμπινόντων.
985 3150 1092 3212 Κλεί-

85 3267 114 3310 εο
125 3269 185 3312 τον
203 3242 242 3312 δδ
264 3241 327 3312 οόκ
342 3241 472 3313 άνιέναι
488 3242 693 3334 ὑβρίζοντα.Ι
715 3242 933 3332 Ἀλέξανδρος
953 3242 991 3312 δὲ
1011 3242 1091 3331 ἐβόα
1108 3264 1126 3314 8

126 3342 309 3414 άνακαλῶν
318 3343 399 3426 τούς
408 3343 636 3426 ὑπασπιστάς·
652 3344 794 3426 οὐδενὸς
808 3345 846 3416 δὲ
856 3342 1091 3425 δπακοάοντος

129 3447 163 3525 ἐς
176 3443 282 3514 ταότά
298 3451 362 3536 ἐφη
376 3446 619 3536 καθεστηκέναι
629 3453 780 3540 Δαρείῳ,
794 3445 897 3516 ὁπότε
906 3445 990 3535 πρὸς
999 3443 1091 3532 Bria·
1147 3510 1150 3516 .

177 3562 308 3606 Auum.
856 3560 887 3610 11
