2620 3924
220 135 282 202 130
571 132 826 196 Ant-:Amor

218 279 385 367 λημμένος
402 279 460 347 καί
488 280 525 348 ἐν
544 277 690 357 Σούσοις
715 277 928 366 εἰργόμενος·
966 281 1067 346 τούτο
1085 275 1182 368 αύτῷ

220 383 254 460 ἐς
271 387 384 449 πίστιν
409 370 452 466 ἦν
475 378 560 467 πρός
580 377 819 467 Ἀλέξανδρον·
859 377 963 458 αύτός
989 377 1028 448 δὲ
1054 377 1100 457 ῶς
1125 379 1181 447 ἐπὶ

184 485 447 569 εΠαρθναίους
476 469 546 566 ἦγε.
594 480 651 548 καὶ
684 482 726 569 τῇ
754 479 871 568 πρύτη
904 478 967 568 μὲν
994 479 1081 568 πρός
1106 493 1181 558 ταῖς

219 587 389 659 Κασπίαις
419 579 541 659 πύλαις
572 582 868 670 ἐστρατοπέδευσε·
908 583 950 669 τῇ
975 581 1117 670 δευτέρα
1141 578 1182 648 δὲ

219 691 299 750 είσω
311 683 465 770 παρῆλθε
482 684 551 749 τῶν
564 683 685 750 πυλῶν
701 687 773 751 ἔστε
786 681 969 768 οἰκούμενα
987 671 1039 766 ἦν.
1074 683 1208 750 ἔπεσι-ε

157 787 166 804 ”
218 781 391 868 τισόμενος
408 780 447 850 δὲ
465 780 627 870 αύτόθευ,
645 778 697 850 ὅτι
711 787 834 870 ἔρημον
851 781 914 868 τήν
931 781 1047 871 πρόσω
1065 781 1181 869 χάραν

218 880 360 970 ήκουεν,
385 885 419 962 ἐς
436 881 610 971 προνομὴν
629 883 788 970 ἐκπέμπει
805 891 934 953 Κοίνου
957 885 1019 965 ξὺν
1039 883 1184 951 ίππεῶσί

218 1009 255 1052 τε
271 985 329 1052 καὶ
345 985 415 1052 τῶν
433 985 539 1066 πεζῶν
557 981 694 1070 ὀλίγοις.

167 1092 209 1158 21.
296 1085 365 1154 Καὶ
390 1083 560 1176 ἐντούτῳ
584 1083 773 1172 άφικνεϊται
799 1082 874 1172 παρ’
899 1081 1007 1154 αύτόν
1024 1079 1092 1152 άπδ
1116 1082 1178 1150 τοῦ
1246 1069 1261 1088 ”

220 1191 371 1273 Δαρείου
380 1186 609 1272 στρατοπέδου
623 1184 845 1272 Βαγιστάνης,
858 1183 1078 1272 Βαβυλῶνιος
1091 1181 1178 1272 άνήρ
1191 1215 1220 1255 ιο

79 1289 86 1302 “
218 1289 288 1354 τῶν
305 1291 487 1374 γνωρίμων
510 1286 567 1354 καί
585 1285 649 1366 ξύν
665 1285 776 1376 τούτῳ
793 1283 990 1373 Ἀντίβηλος
1006 1285 1076 1352 τῶν
1095 1293 1178 1354 Μα-

217 1393 312 1468 ζαίου
328 1389 470 1456 παίδων.
496 1376 590 1454 οὗτοι
606 1383 813 1473 ἀπήγγειλαν
826 1383 878 1456 ὅτι
891 1384 1113 1474 Ναβαρζάνης
1129 1410 1179 1472 τε,

218 1486 387 1574 χιλιάρχης
404 1488 473 1553 τῶν
491 1486 556 1566 ξύν
574 1493 712 1577 Δαρείῳ
730 1486 930 1574 φευγόντων
951 1487 1099 1572 ίππίων,
1120 1487 1179 1554 καὶ

218 1588 349 1671 Βῆσσος
380 1583 399 1654 ό
427 1593 606 1675 Βακτρίων
637 1587 809 1675 σατράπης
834 1589 892 1656 καὶ
917 1587 1132 1676 Βαρσαέντης
1159 1584 1178 1652 ό

214 1683 414 1774 Ἀραχωτῶν
423 1688 480 1755 καί
492 1690 665 1776 Δραγγῶν
678 1687 849 1776 σατράπης
863 1686 1098 1776 ξυνειληφότες
1111 1683 1177 1754 εἶεν
1190 1715 1218 1758 ιο

158 1799 164 1809 “
184 1800 201 1850 ε
219 1799 377 1876 Δαρείου.
404 1789 513 1856 ταῦτα
525 1785 676 1867 άκούσας
687 1786 906 1877 Ἀλέξανδρος
917 1794 965 1858 ἔτι
977 1791 1107 1876 μᾶλλον
1119 1777 1180 1874 ἦγε

219 1891 367 1975 σπουδή,
384 1887 465 1968 τούς
479 1890 635 1977 ἑταίρους
647 1889 776 1976 μόνους
795 1895 881 1976 ἔχων
899 1887 978 1977 ἀμφ’
998 1887 1104 1958 αύτὸυ
1121 1888 1179 1958 καὶ

217 1989 299 2068 τούς
317 1988 533 2077 προδρόμους
552 1990 674 2068 ἱππίας
691 1991 836 2060 καὶτῶν
849 1994 956 2074 πεζῶν
970 1990 1050 2070 τούς
1068 1987 1179 2077 εύρω-
1212 1995 1215 2006 ’

218 2087 399 2164 στοτάτονς
419 2111 456 2154 τε
477 2089 534 2154 καὶ
555 2089 790 2172 κουφοτάτους
817 2089 1070 2173 ἐπιλεξάμενος,
1098 2085 1179 2154 ούδλ

216 2186 297 2264 τούς
306 2185 392 2272 άμφὶ
404 2192 533 2260 Κοῖνον
544 2193 751 2274 προσμείνας
764 2190 802 2254 ίκ
812 2195 872 2274 τής
885 2193 1058 2275 προνομῆς
1074 2177 1177 2254 ίπαυ-
1189 2218 1217 2263 20

217 2291 342 2353 ελθεϊυ.
376 2299 446 2366 τοῖς
460 2288 498 2355 δὲ
513 2285 792 2374 ὑπολειπομένοις
807 2288 988 2374 ἐπιστήσας
1001 2288 1178 2373 Κράτερον

181 2388 416 2473 οπροστάττει
436 2389 580 2456 ἔπεσθαι
607 2388 651 2476 μή
680 2387 810 2475 μακράς
838 2389 941 2468 ὁδούς
967 2389 1104 2474 ἄγοντα.
1145 2387 1181 2454 οί

216 2489 255 2556 δὲ
276 2487 360 2574 ἀμφ’
384 2487 490 2554 αύτὸν
503 2487 545 2555 τά
559 2488 647 2556 ὅπλα
664 2487 756 2575 εἶχον
770 2491 878 2575 μόνον
892 2492 950 2558 καί
964 2493 1028 2558 δύο
1042 2489 1178 2576 ήμερῶν

216 2592 316 2680 σιτία.
346 2586 461 2655 ε’λθῶν
483 2589 520 2656 δὲ
535 2590 598 2674 τήν
613 2613 649 2656 τε
671 2591 777 2657 νύκτα
800 2589 884 2677 ὅλην
906 2592 963 2658 καί
979 2596 1038 2677 τής
1061 2585 1177 2657 ἐπιού-
1234 2605 1242 2616 ’

215 2707 277 2774 σης
289 2687 415 2775 ἡμέρας
425 2689 520 2776 μέχρι
535 2693 743 2776 μεσημβρίας
754 2689 871 2775 ὀλίγον
881 2693 1006 2777 χρόνον
1021 2689 1177 2757 άναπαύ-
1189 2719 1216 2762 ω
1261 2765 1270 2776 ,

215 2806 277 2868 σας
303 2787 363 2856 τόν
392 2788 537 2875 στρατόν
563 2784 666 2869 αὖθις
691 2789 746 2878 ᾔει
773 2790 857 2878 ὅλην
883 2793 946 2878 τήν
973 2793 1098 2876 νύκτα,
1121 2793 1178 2858 καὶ

215 2889 283 2975 άμα
304 2888 412 2978 ήμέρηι
434 2889 674 2978 ὑποφαινούση
689 2897 802 2980 παρῆν
818 2894 867 2971 είς
881 2891 920 2960 τό
935 2893 1177 2977 στρατόπεδον,

177 3007 197 3056 4
215 2989 299 3058 ὅθεν
321 2991 521 3077 ἀφωρμήκει
543 2990 650 3059 όπίσω
672 2993 893 3080 Βαγιστάνης.
931 2995 988 3060 καί
1014 2991 1094 3070 τούς
1114 2994 1178 3078 μὲν

214 3096 395 3175 πολεμίους
415 3091 458 3160 ού
485 3093 664 3177 κατέλαβε,
692 3097 844 3178 Δαρείου
869 3095 908 3162 δὲ
930 3093 1007 3179 πέρι
1030 3093 1177 3160 ἐπύθετο

214 3191 320 3258 αύτὸυ
341 3193 404 3277 μὲν
426 3192 696 3278 συνειλημμένον
717 3191 862 3278 ἄγεσθαι
884 3193 942 3280 ἐφ’Ι
970 3191 1175 3279 ἁρμαμάξης,
1188 3221 1215 3264 w

212 3295 336 3380 Βήσσῳ
365 3294 403 3360 δὲ
430 3289 506 3359 άυτί
533 3299 685 3380 Δαρείου
712 3296 875 3380 γενέσθαι
902 3293 941 3362 τὸ
973 3295 1095 3381 κράτος
1121 3295 1177 3360 καὶ
1300 3369 1301 3372 ¹

212 3392 363 3480 ήγεμόνα
378 3391 579 3482 ύνομάσθαι
600 3399 738 3479 Βήσσου
751 3395 836 3480 πρός
857 3419 894 3464 τε
914 3401 984 3464 τῶν
998 3397 1177 3479 Βακτρίων
1300 3385 1301 3413 ’
