2572 3920
124 173 136 194 ς
196 149 241 214 33
554 143 804 206 ελεειαοεον

201 292 257 359 καὶ
275 296 336 358 τοῦ
351 289 576 378 στρατοπέδου
592 290 719 378 λιμένα,
740 290 933 369 ἐλπίσαντες
948 293 1047 370 κενάς
1061 315 1168 358 κατα·
1209 355 1211 358 .

200 392 368 478 λήψεσθαι
393 390 453 470 τάς
477 385 699 479 Ἀλεξάνδρου
726 392 829 475 ναῦς,
857 389 907 458 ὅτι
932 385 1013 470 τοῦς
1038 391 1168 471 ναύτας

202 488 524 561 ἀποσκεδάννυσθαι
549 492 587 560 τό
615 489 701 560 πολῦ
721 488 786 586 άπό
806 495 875 560 τῶν
892 497 980 560 νεῦν
997 491 1076 571 τοῦς
1101 491 1168 580 μὲν
1244 555 1249 559 .

204 593 259 662 ἐπὶ
277 597 519 700 φρυγανισμῷ,
537 591 616 672 τοῦς
635 591 673 660 δέ
692 593 746 659 ἐπὶ
764 593 947 680 ξυγκομιδῇ
965 595 1034 660 τῶν
1052 595 1167 680 έπιτηψ

204 699 316 780 δείων,
334 691 414 774 τοῦς
428 693 467 761 δὲ
479 693 537 760 καλ
551 695 584 772 ές
598 689 770 782 προνομάς
785 694 1017 780 ταττομένους,
1032 715 1166 762 πεπυσ-
1194 717 1209 760 ε

203 795 296 882 μένοι
313 787 410 881 ήσαν.
445 791 530 862 άλλά
548 795 647 881 μέρος
670 795 734 881 μέν
756 821 787 862 τι
804 791 895 880 άπήν
918 798 987 861 τάν
1014 801 1164 862 ναυτῶν·

204 892 242 964 ἐκ
259 895 297 963 δὲ
314 893 578 990 τάνιπαρόντων
596 893 842 982 ξυμπληρώσας
854 893 1070 982 Ἀλέξανδρος
1084 896 1167 963 δέκα

155 1008 187 1058 10
204 999 301 1081 ναῦς,
321 993 365 1076 ὡς
384 994 636 1084 προσπλεούσας
654 993 713 1075 τάς
732 995 830 1064 πέντε
848 1000 917 1064 τάν
941 1001 1085 1082 Περσῶν
1102 1023 1166 1063 κα-

203 1102 309 1183 τεῖδε,
335 1097 455 1184 πέμπει
479 1092 530 1165 ἔπ’
559 1092 664 1175 αύτάς
688 1094 772 1163 κατά
790 1095 961 1183 σπουδήν,
990 1094 1167 1184 ἐμβάλλειν

204 1195 435 1287 άντιπρύρονς
458 1194 629 1276 κελεύσας.
671 1201 706 1264 οί
728 1195 766 1266 δέ
790 1193 828 1266 έν
851 1212 923 1276 ταῖς
948 1197 1046 1266 πέντε
1063 1198 1166 1266 ναυσὶ
1182 1225 1207 1263 τι

204 1303 273 1366 τῶν
303 1303 469 1386 Περσων,
502 1294 547 1376 ιδς
573 1293 651 1384 παρ’
682 1294 803 1366 ἐλπίδα
829 1296 1057 1386 ἀναγομένους
1084 1297 1166 1378 τοῦς

206 1397 409 1479 Μακεδόνας
420 1396 476 1467 ἐπὶ
490 1402 578 1485 σφᾶς
588 1396 692 1484 εἶδον,
705 1395 978 1486 ὑποστρέψαντες
988 1397 1026 1467 ἐκ
1035 1404 1166 1468 πολλοῦ

156 1512 186 1560 11
206 1506 352 1587 ἔφευγον
365 1497 449 1587 πρός
467 1497 504 1567 τό
519 1497 600 1567 άλλο
618 1496 785 1567 ναυτικόν.
821 1499 878 1568 καὶ
895 1497 916 1586 ή
933 1499 995 1588 μέν
1009 1497 1166 1570 Ἰασσέων

204 1606 289 1680 ναῦς
316 1598 484 1669 ἁλίσκεται
515 1597 631 1678 αὐτοῖς
655 1597 818 1689 άνδράσιν
845 1597 884 1669 έν
909 1606 952 1690 τή
978 1605 1090 1690 φυγή,
1122 1598 1166 1670 οῦ

167 1751 170 1756 -
204 1707 476 1788 ταχυναυτοῦσα·
500 1705 538 1768 αί
553 1700 591 1768 δὲ
608 1699 765 1789 τέσσαρες
784 1707 940 1788 ἔφθασαν
956 1716 1166 1788 καταφυγεῖν
1180 1728 1205 1768 ιε

206 1809 254 1882 είς
272 1801 330 1882 τάς
349 1807 474 1882 οίκείας
492 1801 643 1891 τριήρεις.
680 1796 769 1870 οὕτω
793 1801 857 1889 μὲν
884 1801 925 1890 δή
949 1799 1166 1871 ἀπέπλευσαν

206 1901 368 1992 ἄπρακτοι
386 1900 423 1972 ἐκ
442 1902 593 1990 Μιλήτου
613 1905 649 1970 οί
664 1903 804 1990 Πέρσαι.

156 1995 198 2060 20
279 2003 497 2094 Ἀλέξανδρος
511 2003 549 2072 δέ
562 2008 745 2072 καταλῦσαι
760 2009 846 2089 ἔγνω
858 2002 896 2073 τό
910 2003 1069 2074 ναυτικόν
1082 2033 1165 2094 χρη-

206 2105 321 2193 μάτων
337 2131 373 2173 τε
391 2102 429 2173 έν
446 2108 492 2196 τῷ
510 2103 585 2172 τότε
603 2101 727 2193 άπορίᾳ
745 2104 801 2171 καὶ
819 2103 887 2192 άμα
904 2103 968 2173 οῦκ
987 2103 1165 2193 ἀξιόμαχον

207 2203 345 2291 ὁραῖντό
359 2202 467 2274 αὑτοῦ
479 2205 639 2273 ναυτικόν
651 2210 698 2295 τῷ
713 2211 880 2297 Περσικῷ,
895 2200 1022 2275 ούκουν
1037 2209 1165 2276 ἐθέλων
1178 2235 1202 2276 ιο

207 2303 288 2376 οῦδὲ
305 2305 396 2394 μέρει
413 2306 478 2373 τινί
498 2311 556 2392 τῆς
575 2310 729 2394 στρατιάς
746 2306 969 2376 κινδυνεύειν.
1005 2305 1113 2388 άλλως
1130 2336 1165 2377 τε

208 2407 349 2493 ἐπενόει,
375 2407 524 2494 κατέχων
539 2404 605 2492 ήδη
623 2409 669 2497 τῷ
687 2411 772 2498 πεζῷ
790 2405 851 2494 τήν
866 2406 998 2494 Ἀσίαν,
1017 2407 1066 2476 ὅτι
1088 2407 1166 2478 οὔτε

207 2513 368 2577 ναυτικοῦ
386 2513 434 2576 έτι
452 2508 570 2593 δέοιτο,
588 2506 647 2587 τάς
664 2534 700 2576 τε
719 2515 904 2595 παραλίους
923 2509 1036 2588 πόλεις
1054 2509 1166 2596 λαβοδν

206 2605 447 2677 καταλύσει.τό
476 2613 620 2695 Περσῶν
646 2599 816 2694 ναυτικόν,
848 2607 927 2678 οῦτε
953 2607 1082 2679 ὁπόθεν
1108 2609 1165 2691 τάς

207 2703 396 2797 ῦπηρεσίας
427 2708 732 2797 συμπληρώσουσιν
767 2707 844 2778 ούτε
875 2708 941 2796 όπη
971 2717 1028 2798 τής
1056 2708 1165 2791 Ἀσίας
1177 2737 1201 2779 τε
1241 2745 1244 2752 ’

208 2810 429 2898 προσέξουσιν
439 2816 585 2897 ἔχοντας.
604 2809 729 2879 καὶτὸν
738 2807 837 2879 άετόν
846 2809 951 2902 ταύτῃ
962 2813 1166 2898 συνέβαλλεν

208 2910 259 2980 ὅτι
277 2911 441 3000 ἐσήμηνεν
458 2906 551 3003 αύτῷ
578 2913 614 2980 έκ
636 2917 696 2998 τής
712 2917 774 2998 γῆς
790 2911 967 3000 κρατήσειν
985 2918 1053 2981 τῶν
1069 2918 1164 2982 νεῦν.

174 3024 190 3074 2
289 3017 402 3081 Ταῦτα
428 3011 465 3080 δὲ
483 3011 747 3100 διαπραξάμενος
765 3013 820 3080 ἐπὶ
838 3020 969 3103 Καρίας
988 3015 1165 3101 ἐστέλλετο,

208 3112 259 3181 ὅτι
278 3115 314 3180 έν
327 3110 577 3203 Ἁλικαρνασσῷ
596 3115 835 3199 συνεστηκέναι
848 3111 889 3183 οῦ
909 3113 1042 3203 φαύλην
1060 3115 1165 3184 δύνα-

208 3241 266 3302 μιν
288 3218 357 3282 νῦν
379 3239 414 3281 τε
437 3211 618 3302 βαρβάρων
645 3214 702 3281 καὶ
720 3214 825 3294 ξένων
844 3216 1064 3302 ἐξηγγέλλετο.
1095 3215 1201 3286 ὅσαιοο

210 3314 248 3383 δὲ
273 3316 310 3383 έν
335 3314 425 3406 μέσῳ
444 3311 557 3392 πόλεις
576 3313 731 3402 Μιλήτου
758 3341 793 3383 τε
816 3316 872 3383 καὶ
893 3314 1165 3405 Ἁλικαρνασσοῦ,

209 3414 332 3494 ταύτας
365 3416 397 3497 ἐξ
430 3412 554 3501 ἐφόδου
581 3414 695 3503 λαβάν
721 3417 1060 3507 καταστρατοπεδεύει
1086 3417 1166 3506 πρὸς
