2572 3920
201 153 244 218 42
555 149 805 210 ΔΛΕΞΑΝΔΡΟΤ

203 297 363 384 ξαυδρος·
381 293 438 363 καὶ
456 290 601 382 ἐκδρομὴ
620 283 720 378 αὖθις
737 297 866 376 γίνεται
882 295 951 359 τάν
969 291 1006 358 ἐκ
1022 290 1081 376 τῆς
1098 284 1164 358 πό-

204 404 287 476 λεως
311 395 366 464 ἐπὶ
389 401 436 487 τῷ
458 396 622 482 ἐμπρῆσαι
643 390 704 472 ’τάς
721 391 881 480 μηχανάς.
911 391 968 458 καλ
985 390 1084 478 μέρος
1101 391 1166 477 μέν
1267 423 1268 430 ¹

202 501 328 565 τιτῶν
351 501 494 582 πλησίον
517 499 577 562 τοῦ
599 499 729 581 τείχους
754 497 885 581 γερρῶν
909 492 967 559 καὶ
995 489 1069 570 ένδς
1095 496 1166 558 τῶν
1199 497 1202 504 “
1268 534 1269 552 ι

204 596 345 684 πόργων
361 600 430 664 τῶν
448 598 594 677 ξυλίνων
612 591 816 680 κατεκαύθη,
833 591 874 660 τά
888 591 925 660 δέ
943 590 1029 660 ἀλλα
1042 590 1164 678 διεφά-

118 729 121 735 ·
207 699 309 778 λαξαν
341 701 376 765 ολ
406 698 482 784 περὶ
510 693 665 766 Φιλάταν
687 719 723 762 τε
752 694 808 762 καὶ
830 686 1042 780 Ἑλλάνικον,
1069 687 1120 773 οἷς
1143 689 1166 780 ἡ
1193 721 1206 762 ι

101 781 114 866 .'
204 796 338 887 φυλακὴ
365 794 479 866 αὐτῶν
497 795 731 883 ἐπετέτραπτο·
759 791 804 874 ὡς
822 792 861 862 δέ
878 793 934 861 καλ
949 791 1166 883 Ἀλέξανδρος

206 897 357 986 ἐπεφάνη
375 900 412 966 έν
427 902 469 986 τῇ
489 898 654 985 ἐκδρομῇ,
678 892 736 974 τάς
753 921 789 964 τε
812 899 919 985 δᾷδας
937 893 1018 975 όσας
1036 900 1167 983 ἔχοντες

207 997 495 1086 ἐκβεβοηθήκεσαν
512 993 654 1084 ἀφέντες
674 995 731 1063 καί
748 993 789 1063 τά
808 992 896 1064 ὅπλα
914 999 949 1064 οί
964 997 1081 1064 πολλοὶ
1099 993 1167 1064 αό-

170 1105 272 1168 οτῶν
290 1102 448 1188 ῥίψαντες
473 1105 553 1165 είσω
571 1102 633 1166 τοῦ
659 1103 789 1184 τείχους
812 1101 966 1184 ἔφευγον.
1002 1103 1108 1166 καίτοι
1124 1095 1167 1164 τά

204 1227 243 1287 γε
257 1204 372 1288 προῖκα
386 1203 428 1288 τῇ
445 1195 548 1285 φύσει
560 1223 596 1267 τε
607 1203 669 1267 τοῦ
683 1203 822 1286 χωρίου,
840 1194 1042 1286 ὑπερδεξίου
1057 1195 1166 1284 ὄντος,
1180 1227 1205 1266 ιο

206 1299 411 1390 ἐπεκράτουν
437 1299 493 1368 καὶ
519 1293 561 1368 υά
579 1297 663 1367 κατά
686 1299 841 1386 μέτωπον
862 1298 969 1386 μόνον
985 1295 1166 1388 ἠκροβολί-

204 1409 297 1484 ζοντο
326 1403 359 1482 ἐς
382 1399 462 1480 τους
489 1401 764 1489 προμαχομένους
789 1405 858 1467 τῶν
875 1403 1053 1489 μηχανῶν,
1079 1397 1166 1468 ἀλλά

205 1502 262 1571 καὶ
281 1504 403 1570 ἐκτῶν
421 1499 580 1588 πόργωυ,
608 1507 645 1569 οἳ
664 1497 707 1586 δὴ
726 1499 934 1588 ἑκατέρωθεν
950 1502 1011 1570 τοῦ
1030 1502 1163 1590 ἐρηριμ-

205 1604 309 1692 μένου
335 1608 465 1689 τείχους
490 1597 587 1668 αὐτοὶ
610 1598 886 1690 ἀπολελειμμένοι
908 1603 945 1670 ἐκ
962 1608 1107 1686 πλαγίου
1131 1627 1167 1670 τε

205 1703 262 1772 καὶ
284 1698 390 1790 μόνον
413 1698 454 1770 οό
480 1699 563 1770 κατά
589 1699 698 1771 νότου
716 1715 877 1791 παρεῖχον
894 1699 1167 1791 ἀκροβολίζεσθαι
1181 1729 1205 1770 ιε

208 1806 242 1882 ἐς
258 1796 340 1884 νοός
357 1806 404 1894 τῷ
423 1799 731 1895 ἀντῳκοδομημένῳ
748 1808 847 1891 τείχει
863 1802 1102 1892 προσάγοντας.

116 1941 126 1958 ·
155 1915 199 1981 22
286 1901 338 1974 Οό
353 1911 493 1983 πολλαῖς
511 1903 549 1972 δέ
565 1902 708 1990 ὕστερον
720 1901 857 1992 ἡμέραις
871 1903 1052 1991 ἐπάγοντος
1066 1893 1167 1984 αὖθις

202 2003 425 2094 Ἀλεξάνδρου
434 2003 492 2084 τάς
505 2003 654 2092 μηχανάς
666 2010 714 2096 τῷ
728 2010 897 2097 πλινθίνῳ
905 2010 952 2097 τῳ
966 2004 1060 2085 ἐντός
1068 2011 1168 2092 τείχει

206 2106 264 2174 καὶ
289 2103 396 2174 αὐτοῦ
416 2103 635 2193 ἐφεστηκότος
660 2109 708 2195 τῷ
733 2111 831 2196 ἔργῳ,
857 2104 1000 2194 ἐκδρομὴ
1018 2111 1168 2192 γίγνεται

206 2207 374 2295 πανδημεὶ
388 2207 424 2274 ἐκ
433 2210 494 2293 τῆς
508 2204 634 2284 πόλεως
647 2208 716 2274 τοῖν
728 2204 884 2294 μὲνκατά
896 2205 933 2275 τό
948 2208 1166 2296 ἐρηριμμένου
1179 2235 1205 2276 εο

207 2321 326 2394 τεῖχος,
340 2300 363 2396 ᾖ
377 2302 479 2387 αότὸς
492 2304 709 2394 Ἀλέξανδρος
724 2307 928 2395 ἐπετέτακτο,
946 2313 1014 2376 τῶν
1032 2307 1070 2377 δέ
1082 2306 1166 2376 κατά

207 2406 245 2477 τό
274 2414 464 2494 Τρίπυλον,
487 2399 512 2496 ᾖ
536 2404 618 2475 οόδέ
641 2405 733 2499 πάνυ
755 2434 786 2476 τι
803 2407 1079 2496 προσδεχομένοις
1096 2423 1167 2488 τοῖς

174 2524 192 2575 2
211 2507 405 2579 Μακεδόσιν
421 2499 474 2593 ἦν.
509 2507 567 2574 καὶ
584 2511 620 2575 οί
641 2508 704 2595 μὲν
727 2507 833 2598 δᾷδάς
851 2536 887 2577 τε
909 2523 982 2590 ταίς
1003 2523 1166 2597 μηχαναῖς

209 2609 389 2695 ἐνέβαλλον
406 2608 463 2676 καὶ
481 2607 543 2676 ὅσα
560 2606 646 2676 ἀλλα
671 2611 705 2689 ἐς
726 2608 763 2677 τό
789 2607 907 2690 ἐξάψαι
924 2637 959 2678 τε
983 2609 1094 2698 φλόγα
1109 2610 1167 2678 καλ

209 2709 264 2779 ἐπὶ
281 2710 366 2798 μέγα
383 2709 669 2796 προκαλέσασθαι·
695 2711 765 2778 τόν
782 2710 820 2778 δέ
838 2706 921 2798 ἀμφ’
947 2709 1166 2799 Ἁλέξανδρον
1179 2737 1205 2779 ει

208 2805 323 2880 αὐτῶν
346 2838 381 2879 τε
406 2809 640 2899 ἐμβαλλόντων
667 2813 700 2891 ἐς
727 2800 854 2892 αότοός
886 2813 1080 2900 ἐρρωμένως
1111 2813 1167 2883 καὶ

207 2925 281 2992 ταῖς
305 2926 466 3000 μηχαναῖς
491 2909 558 2981 ἀπδ
576 2917 645 2980 των
668 2912 810 3001 πύργων
834 2918 942 2981 λίθων
959 2939 996 2980 τε
1011 2913 1168 3002 μεγάλων

210 3009 400 3100 ἀφιεμένων
422 3014 478 3082 καλ
501 3018 613 3100 βελῶν
639 3014 933 3101 ἐξακοντιζομένων
956 3010 997 3082 οὐ
1015 3020 1168 3102 χαλεπῶς

176 3127 192 3177 8
210 3110 471 3201 ἀπεστράφησάν
487 3139 523 3181 τε
541 3113 596 3180 καὶ
615 3118 745 3200 ἔφυγον
763 3116 796 3193 ἐς
814 3113 876 3201 τὴν
892 3113 999 3183 πόλιν.
1030 3115 1086 3182 καὶ
1102 3114 1167 3202 φό-

208 3239 267 3292 νος
284 3211 389 3302 ταότη
408 3210 469 3280 οὐκ
494 3211 608 3299 ὀλίγος
626 3214 774 3302 ἐγένετο,
802 3213 872 3306 ὅσῳ
890 3216 1042 3294 πλείονές
1059 3242 1095 3283 τε
1111 3216 1167 3283 καὶ
1181 3241 1205 3283 ιο

207 3312 274 3395 ξόν
290 3320 414 3402 μείζονι
426 3315 467 3402 τῇ
484 3313 589 3402 τόλμῃ
605 3315 794 3403 ἐξέδραμον.
826 3319 862 3384 οί
871 3315 934 3404 μὲν
951 3315 1017 3403 γάρ
1031 3321 1079 3395 είς
1096 3331 1168 3403 χεί-

208 3442 270 3508 ρας
289 3413 444 3494 ἐλθόντες
462 3429 532 3495 τοϊς
551 3416 748 3485 Μακεδόσιν
766 3412 952 3503 ἀπέθανον,
976 3419 1012 3484 oi
1027 3415 1065 3484 δὲ
1082 3414 1167 3503 ἀμφὶ
