2572 3920
429 169 653 232 ANABA2121,
673 175 714 226 ιτ.
1012 173 1055 238 33

87 312 146 383 τὸν
161 306 327 400 Ἀερόπου
342 311 398 380 ἐπὶ
411 309 475 398 τὴν
488 311 601 400 χώραν
614 308 677 400 τὴν
690 311 870 400 Μέμνονος
886 315 1054 403 ἐκπέμπει,

88 414 234 501 ἀγοντας
246 411 327 492 τούς
340 438 375 480 τε
385 418 682 500 Πελοποννησίους
692 413 747 482 καὶ
760 419 829 482 τών
843 413 956 484 ἀλλων
969 417 1053 504 ξυμ-

88 515 206 604 μάχων
229 511 310 592 τούς
334 512 480 594 πολλούς
504 512 592 602 πλὴν
619 511 795 603 Ἀργείων·
827 507 919 584 οὗτοι
949 515 987 584 δέ
1018 519 1055 585 έν

90 615 242 701 Σάρδεσι
258 619 530 702 κατελείφθησαν
546 613 610 702 τὴν
627 611 735 704 ἀκραν
752 615 944 703 φυλάττειν.

64 742 77 784 τ
162 714 219 786 Ἐν
236 714 343 808 τούτφ
361 714 400 783 δὲ
418 713 463 794 ώς
483 712 524 784 τά
541 713 628 804 ὑπὲρ
651 721 710 802 τῆς
735 721 938 806 ἱππομαχίας
957 719 1052 805 έξηγ-
1088 731 1104 780 9

87 820 212 904 γέλθη,
239 821 330 885 οἵτε
353 814 415 903 τὴν
431 814 577 904 Ἔφεσον
601 823 829 906 φρουροῦντες
852 818 1055 907 μισθοφόροι

89 918 220 1011 ρ’όχοντο
245 917 448 1004 φεύγοντες,
473 916 537 986 δύο
561 917 702 1007 τριήρεις
719 923 789 987 τών
811 916 974 1007 Ἐφεσίων
992 929 1054 988 λα-

88 1019 224 1125 βόντες,
255 1018 312 1086 καὶ
339 1017 401 1100 ξύν
428 1015 544 1098 αύτοῑς
566 1017 728 1106 Ἀμύντας
755 1018 987 1108 δἈντιόχου,
1015 1017 1053 1100 δς
1078 1045 1083 1054 ·
1163 1007 1166 1010 ’

89 1126 218 1207 ἔφυγεν
250 1121 286 1186 ἐκ
317 1122 534 1198 Μακεδονίας
565 1118 807 1210 Ἀλέξανδρον,
838 1120 961 1190 παθών
991 1122 1054 1208 μέν

53 1246 76 1287 ιο
91 1219 195 1290 οὐδέν
212 1219 298 1309 πρός
313 1217 554 1309 Ἀλεξάνδρου,
580 1226 724 1311 δυσνοίᾳ
742 1221 781 1289 δὲ
798 1226 841 1310 τῇ
859 1221 944 1310 πρός
960 1216 1053 1291 Ἀλέ-

89 1325 237 1410 ξανδρον
254 1321 312 1388 καὶ
329 1317 431 1400 αύτός
450 1317 639 1403 ἀπαξιώσας
655 1347 686 1388 τι
703 1329 829 1390 παθεῖν
843 1320 928 1411 πρός
946 1316 1053 1390 αύτοῦ

89 1421 199 1512 όὶχαρι.
326 1413 328 1419 ’

172 1521 320 1611 Τετάρτῃ
346 1521 385 1590 δὲ
408 1520 516 1614 ἡμέρᾳ
536 1525 569 1602 ἐς
585 1521 732 1610 Ἔφεσον
750 1520 951 1613 ἀφικόμενος
974 1522 1053 1604 τούς
1073 1538 1105 1587 10

89 1651 124 1692 τε
149 1623 307 1712 φυγάδας
338 1621 410 1692 ὅσοι
436 1621 481 1692 δι’
515 1620 621 1693 αότόυ
653 1625 808 1706 ἐξέπεσον
835 1619 908 1712 τῆς
925 1623 1054 1704 πόλεως

55 1753 78 1792 15
90 1724 259 1812 κατήγαγε
283 1724 339 1792 καὶ
363 1723 425 1811 τὴν
450 1721 646 1814 ὀλιγαρχίαν
670 1723 859 1805 καταλύσας
884 1731 1054 1814 δημοκρα-

89 1833 166 1894 τίαν
179 1826 373 1912 κατέστησε·
392 1822 470 1904 τοὺς
484 1825 521 1894 δέ
535 1825 663 1913 φόρους
676 1823 777 1905 ὅσους
790 1841 861 1905 τοῖς
874 1827 1054 1914 βαρβάροις

91 1924 263 2017 ἀπέφερον
292 1931 334 2016 τῇ
362 1921 526 2013 Ἀρτέμιδι
549 1928 722 2007 ξυντελεῖν
749 1926 935 1994 ἐκέλευσεν.
971 1924 989 1995 ὁ
1015 1925 1053 1994 δὲ
1072 1940 1103 1990 11

90 2033 196 2117 δῆμος
220 2024 238 2095 ό
264 2031 334 2095 τών
355 2023 534 2113 Ἐφεσίων,
560 2024 604 2105 ὡς
627 2025 786 2115 ἀφηρόθη
810 2021 927 2107 αύτοίς
951 2023 968 2094 ό
988 2020 1054 2094 ἀπό

90 2134 158 2197 τών
176 2125 303 2214 όλίγωυ
321 2127 437 2215 φόβος,
455 2126 536 2207 τούς
549 2153 585 2196 τε
596 2128 765 2215 ,Μέμνονα
783 2129 1054 2217 ἐπαγαγομένους

56 2230 146 2297 εοκαί
171 2227 252 2321 τούς
281 2225 319 2297 τό
350 2226 443 2316 ἱερὸν
472 2227 682 2314 συλήσαντας
705 2233 763 2315 τῆς
785 2227 973 2318 Ἀρτέμιδος
998 2229 1053 2296 καὶ

90 2329 170 2410 τούς
187 2328 250 2416 την
264 2327 380 2398 εἰκόνα
392 2327 456 2416 την
471 2336 640 2400 Φιλίππου
658 2326 720 2416 τὴν
735 2331 771 2397 έν
788 2335 835 2422 τῷ
854 2335 933 2422 ίερώ
950 2357 1053 2397 κατα-

90 2429 256 2519 βαλόντας
274 2430 331 2498 καὶ
349 2429 409 2499 τόν
426 2429 541 2516 τάφον
555 2433 591 2498 ἐκ
608 2433 666 2516 τῆς
684 2427 808 2517 ἀγορᾶς
826 2429 1054 2520 ἀνορύξαντας

90 2531 149 2600 τόν
159 2529 359 2620 Ἡροπύθου
372 2537 435 2601 τού
449 2528 738 2620 ἐλευθερώσαντος
751 2529 813 2617 την
826 2531 925 2602 πόλιν
940 2529 1053 2619 ώρμη·

92 2653 156 2702 σαν
183 2630 386 2708 ἀποκτεῖναι.
420 2632 477 2700 καλ
504 2631 672 2720 Σύρφακα
698 2631 761 2720 μὲν
784 2633 840 2700 καὶ
863 2631 924 2701 τόν
948 2637 1053 2700 παῖδα
1073 2645 1104 2694 12

55 2759 79 2800 ω
91 2731 200 2802 αὐτοῦ
219 2731 416 2818 Πελάγοντα
440 2731 590 2812 καὶτοὺς
607 2738 676 2802 τών
693 2727 853 2820 ἀδελφῶν
876 2738 937 2800 τοῦ
956 2733 1053 2820 Σύρ-

90 2860 197 2923 φακος
216 2838 340 2912 παῖδας
359 2835 396 2902 ἐκ
409 2839 469 2902 τού
488 2837 583 2922 ίερού
603 2832 820 2920 ἐξαγαγόντες
834 2834 1053 2901 κατέλευσαν·

91 2934 169 3015 τούς
194 2934 232 3002 δὲ
250 2933 374 3014 ἀλλους
392 2933 595 3004 διεκώλυσεν
618 2927 836 3022 Ἀλέξανδρος
854 2933 1055 3021 προσωτέρω

92 3039 254 3123 ἐπιζητεῖν
264 3036 321 3103 καὶ
334 3044 563 3125 τιμωρεῖσθαι,
577 3033 682 3121 γνούς
694 3031 744 3104 ὅτι
753 3032 839 3122 ὁμού
850 3047 921 3114 τοῖς
936 3040 1053 3114 αίτίοις
1117 3081 1119 3097 ι

91 3138 146 3205 καὶ
164 3131 206 3205 ού
226 3134 292 3218 ξύν
309 3141 388 3225 δίκη
406 3135 517 3223 τινάς,
542 3135 622 3216 τούς
640 3135 703 3224 μὲν
721 3132 793 3204 κατ’
816 3142 955 3224 ἔχθραν,
973 3134 1053 3215 τούς

58 3262 81 3304 ω
94 3238 130 3306 δὲ
147 3235 231 3306 κατά
250 3234 409 3325 ἁρπαγὴν
432 3235 609 3328 χρημάτων
627 3235 813 3323 ἀποκτενεῖ,
835 3236 1053 3325 ξυγχωρηθὲν

94 3335 197 3430 αύτῷ,
212 3336 230 3407 ὁ
246 3343 360 3426 δῆμος.
379 3337 435 3406 καὶ
449 3344 480 3406 εί
493 3335 535 3424 δή
548 3365 594 3430 τφ
609 3336 712 3430 άλλφ,
726 3338 782 3406 καὶ
794 3351 864 3418 τοῖς
875 3339 912 3406 έν
925 3335 1053 3429 Ἐφέσῳ

94 3449 293 3527 πραχθεῖσιν
307 3436 525 3529 Ἀλέξανδρος
543 3440 580 3507 ἐν
597 3443 644 3530 τῷ
661 3437 736 3508 τότε
753 3436 932 3527 εὐδοκίμει.

139 3557 269 3600 Asamus.
884 3553 900 3600 3

195 3609 215 3639 Q
