2572 3920
203 183 246 250 52
559 181 812 244 εεεΞευεΡον

201 325 359 415 μάτατοι·
374 327 380 338 ’
398 326 456 396 καὶ
478 324 554 395 τότε
575 325 635 394 τόν
661 325 768 413 λόφον
785 323 845 395 τδν
863 323 928 415 πρό
947 331 1006 413 τῆς
1025 327 1168 413 πόλεως,

203 426 256 496 ότι
285 429 341 496 καὶ
371 420 470 507 οὗτος
494 422 535 496 ού
560 441 656 514 μείου
679 432 741 495 τού
764 437 896 514 τείχους
920 425 1042 516 ὀχυρός
1069 432 1101 508 ἐς
1127 427 1165 496 τό

168 523 436 616 σάπομάχεσθαι
462 520 524 615 ἡυ,
554 526 786 615 κατειληφότες
812 528 1029 616 προσέμενον.
1071 527 1167 598 Ἀλέ-

202 631 346 721 ξανδρος
363 629 402 697 δὲ
419 629 481 715 τὴν
498 629 561 716 μὲν
579 628 736 716 φάλαγγα
749 633 818 696 των
832 628 1044 700 Μακεδόνων
1057 629 1167 698 τάττει

203 723 278 798 ὦδε.
307 731 362 798 ἐπὶ
378 729 442 818 μὲν
458 734 521 798 τού
535 731 645 811 δεξιοῦ
659 731 775 817 κέρως,
793 733 850 798 ἵνα
863 731 919 796 καὶ
933 727 1036 811 αύτδς
1051 733 1164 799 ε’πετέ-

53 871 61 880 -
155 849 158 857 ’
200 857 317 918 τακτο,
335 828 415 912 τούς
429 827 639 909 ὑπασπιστάς
658 828 764 918 εἶχεν,
785 830 962 918 ἐχομένους
981 831 1019 900 δὲ
1035 831 1166 900 τούτων

200 930 281 1011 τούς
301 939 513 1021 πεζεταίρους
532 936 604 1000 ἐστε
622 931 677 998 ἐπὶ
695 929 732 999 τό
752 928 931 1017 εύάνυμον
948 937 1164 1020 παρατείνας,

201 1030 246 1112 οἱς
266 1033 412 1113 ἑκάστοις
430 1037 498 1100 τῶν
516 1030 748 1120 στρατηγύνὴ
776 1027 937 1118 ἡγεμονία
959 1035 1018 1119 τὴς
1042 1032 1165 1114 τάξεως

165 1143 184 1193 4
202 1135 239 1201 ἐν
263 1139 305 1223 τῇ
322 1133 397 1202 τότε
415 1129 523 1222 ἡμέρμ
540 1125 594 1219 ἡν.
632 1132 687 1200 ἐπὶ
705 1131 743 1200 δὲ
759 1137 806 1222 τῷ
825 1129 988 1226 εὐωνύμῳ
1008 1133 1164 1215 ἐπέταξεν

198 1232 345 1321 ἡγεμόνα
371 1232 540 1322 Ἀμύνταν
563 1231 623 1301 τδν
645 1230 857 1321 Ἀρραβαίου.
908 1233 1163 1322 προετάχθησαν
1180 1265 1209 1304 ιο

199 1335 238 1404 δὲ
262 1331 355 1426 αύτῷ
378 1339 439 1403 τοῦ
461 1335 524 1423 μὲν
549 1336 660 1416 δεξιοῦ
684 1335 789 1422 κέρως
807 1337 843 1402 οἳ
857 1360 893 1402 τε
910 1334 1040 1416 τοξόται
1056 1335 1112 1403 καὶ
1129 1339 1167 1403 οί

196 1434 382 1524 Ἀγριᾶνες·
401 1438 462 1503 τού
477 1435 515 1503 δέ
529 1429 709 1522 εύωνύμου
723 1439 758 1503 οί
770 1432 960 1504 άκοντισταὶ
973 1441 1009 1504 οί
1021 1441 1162 1526 Θρᾷκες,

200 1529 248 1604 ὧν
265 1533 376 1622 ἡγεῖτο
394 1533 577 1622 Σιτάλκης·
612 1539 647 1603 οί
661 1533 726 1624 γάρ
745 1539 858 1615 ίππείς
876 1533 969 1628 αύτῷ
987 1532 1051 1605 ούκ
1070 1534 1162 1625 άφέ-

199 1645 286 1724 λιμοι
310 1638 347 1704 ἐν
369 1641 411 1725 τῇ
435 1641 608 1726 δυσχωρίᾳ
631 1627 728 1722 ἦσαν.
771 1650 841 1715 τοῖς
865 1642 1020 1718 Πισίδαις
1044 1637 1083 1706 δὲ
1106 1638 1162 1706 καί

203 1748 406 1828 Τερμησσεῑς
422 1736 752 1825 προσβεβοηθηκότες
770 1735 999 1818 ξυνετάξαντο.
1178 1767 1207 1808 15

163 1852 181 1902 ο
264 1837 354 1925 Ἤδη
372 1837 410 1906 δὲ
427 1843 463 1906 οί
478 1834 558 1927 ἄμφ’
576 1835 796 1926 Ἀλέξανδρον
814 1837 1099 1926 προσβεβληκότες
1113 1843 1160 1930 τῷ

197 1939 269 2028 όρει
294 1938 376 2027 ὅπερ
399 1953 553 2027 κατεῖχον
577 1942 612 2007 οἱ
627 1943 765 2006 Πισίδαι
782 1935 854 2006 κατ’
875 1933 959 2006 αύτό
978 1937 1015 2006 τό
1035 1933 1161 2006 άποτο-

197 2041 349 2128 μάτατον
366 2045 423 2127 τῆς
441 2037 569 2108 άνόδου
587 2031 687 2125 ἡσαν,
705 2039 762 2106 καὶ
780 2041 818 2107 ἐν
835 2037 940 2131 τούτῳ
960 2041 1162 2107 ἐπιτίθενται

198 2135 313 2218 αύτοίς
342 2143 378 2207 οί
403 2139 566 2228 βάρβαροι
595 2137 705 2226 λόχοις
728 2137 810 2207 κατά
835 2141 934 2227 κέρας
959 2139 1114 2228 ἑκάτερον
1137 2131 1161 2227 ἡ

198 2247 295 2326 σφίσι
323 2239 385 2327 μὲν
413 2237 711 2328 εὐπροσοδώτατον
734 2233 794 2325 ἡν,
824 2253 896 2317 τοῖς
920 2246 1090 2327 πολεμίοις
1122 2239 1161 2308 δὲ
1175 2270 1204 2310 εο

198 2338 415 2429 χαλεπωτάτη
430 2337 451 2426 ἡ
470 2335 664 2428 πρόσβασις.
691 2339 747 2406 καὶ
764 2337 843 2418 τούς
859 2339 923 2426 μὲν
940 2340 1086 2426 τοξότας,
1106 2335 1160 2408 οἷα

198 2440 240 2527 δὴ
271 2439 349 2510 ούτε
373 2437 518 2526 άκριβοῖς
544 2437 773 2527 ὡπλισμένους
796 2439 852 2507 καὶ
878 2439 1031 2529 κράτους
1056 2440 1160 2508 πελά-

163 2557 331 2626 οσαντας,
351 2542 553 2630 ἐτρέψαντο·Ι
587 2545 622 2609 οί
637 2541 675 2610 δὲ
690 2538 1025 2628 Ἀγριάνες·ἔμειναν.
1058 2540 1160 2626 ἐγγύς

197 2641 261 2731 γάρ
280 2639 345 2729 ἡδη
363 2642 419 2709 καί
436 2638 457 2728 ἡ
476 2639 607 2728 φάλαγξ
624 2646 691 2709 τάν
710 2639 922 2710 Μακεδόνων
939 2647 1087 2729 προσῆγε
1103 2641 1160 2709 καὶ

197 2742 262 2832 πρὸ
282 2739 386 2829 αύτὴς
400 2740 617 2831 Ἀλέξανδρος
636 2743 799 2829 ἐφαίνετο.
832 2738 877 2821 τός
895 2740 933 2810 δὲ
952 2743 989 2809 ἐν
1005 2742 1121 2831 χερσὶν
1138 2739 1159 2829 ἡ
1175 2771 1204 2811 εε

197 2845 285 2932 μάχη
304 2844 451 2931 ἐγένετο,
476 2850 604 2931 γυμνοί
618 2869 654 2911 τε
671 2847 706 2910 οί
720 2841 882 2930 βάρβαροι
899 2840 993 2922 ὄντες
1011 2841 1160 2924 ὁπλίταις

198 2945 446 3033 προσεφέροντο
463 2945 520 3012 καὶ
537 2943 645 3029 πάντη
659 2941 995 3030 κατατιτρωσκόμενοι
1009 2949 1159 3032 ἔπιπτον,

165 3049 347 3113 λένταῦθα
379 3043 421 3131 δὴ
455 3047 653 3130 ἐγκλίνουσι.
700 3042 756 3110 καὶ
788 3039 962 3112 άπὲθανον
988 3045 1101 3112 αὐτῶν
1128 3047 1160 3125 ἐς

198 3151 448 3225 πεντακοσίους.
489 3150 608 3232 κοῦφοι
631 3141 696 3231 γάρ
720 3139 815 3223 όντες
839 3145 897 3212 καὶ
922 3150 1069 3234 ἔμπειροι
1091 3151 1161 3214 τάν

198 3252 331 3334 χωρίων
355 3243 396 3314 ού
421 3250 573 3332 χαλεπῶς
591 3241 805 3331 άπεχάρουν·
837 3245 893 3312 καὶ
911 3249 947 3312 οί
962 3245 1159 3326 Μακεδόνες
1174 3272 1204 3314 ω

200 3345 255 3414 διά
275 3345 445 3434 βαρύτητα
462 3349 530 3414 τῶν
547 3343 662 3412 ὅπλων
679 3343 736 3410 καί
754 3341 911 3430 άπειρίαν
927 3350 996 3413 τῶν
1013 3339 1105 3414 ὁδοῑν
1118 3345 1160 3415 ού
1278 3337 1279 3342 ¹

166 3461 183 3514 8
199 3449 379 3536 θαρραλέοι
403 3449 435 3525 ἐς
452 3443 489 3513 τό
508 3443 638 3513 διώκειν
656 3437 754 3531 ἡσαν.
792 3442 1009 3534 Ἀλέξανδρος
1028 3445 1066 3516 δὲ
1085 3447 1161 3534 ἐχό-
