2572 3920
428 173 615 228 Ασεοεειε
634 178 656 239 1,
675 175 701 228 ε.
1019 175 1059 240 17
1164 227 1168 240 ,

87 323 174 385 είσω
197 319 261 383 τοῦ
278 318 409 401 τείχους
427 311 499 382 ὅσοι
522 317 591 382 τῶν
609 312 823 384 Μακεδόνων
848 313 949 401 ἐγγύς
971 343 1059 404 φευ-
1132 379 1143 400 ,

87 415 226 502 γόντων
244 423 385 502 εἴχοντο,
404 413 460 482 ἀτε
478 415 533 482 καὶ
551 419 620 482 τῶν
633 419 756 502 τειχῶν
773 412 829 483 διά
846 414 905 495 τάς
923 440 1058 505 προφυ-

89 515 198 596 λακάς
222 514 284 595 τάς
302 513 429 594 πολλάς
447 513 581 604 ἐρήμων
604 513 723 584 όντων.
758 515 814 583 καὶ
832 517 1058 604 παρελθόντες
1076 531 1093 580 6

90 622 141 696 εἰς
166 615 231 702 τὴν
249 620 425 704 Καδμείαν
450 619 485 683 οί
499 615 562 704 μὲν
588 617 724 685 ἐκεῖθεν
740 614 824 685 κατά
841 615 879 686 τό
900 614 1059 707 ’Λμφεῖον

45 747 64 789 ἐ
91 717 161 786 σόν
186 731 258 797 τοῖς
276 717 451 804 κατέχουσι
472 714 536 804 τὴν
552 722 727 804 Καδμείαν
750 717 921 804 ἐξέβαινον
946 721 979 800 ἐς
996 717 1061 806 τὴν
1134 781 1138 788 ,

91 817 203 905 ἀλλην
219 811 332 886 πόλιν·
351 820 387 885 οἱ
402 816 440 885 δὲ
453 816 536 886 κατά
553 816 594 886 τά
611 825 715 906 τείχη,
734 817 875 907 ε’χόμενα
892 817 957 907 ἤδη
974 818 1059 909 πρός

90 924 163 987 τῶν
183 914 473 1012 συνεισπεσόντων
489 932 560 998 τοῖς
577 918 782 1006 φεύγουσιν,
800 917 1008 1009 ὑπερβάντες
1027 923 1060 1000 ἐς

90 1018 156 1106 τὴν
182 1016 311 1106 ἀγοράν
334 1017 448 1110 δρόμφ
473 1019 641 1108 ἐφέροντο.
676 1020 733 1088 καὶ
758 1017 876 1105 ὀλίγον
898 1021 962 1108 μέν
985 1033 1094 1090 τινατ

93 1119 221 1210 χρόνον
246 1125 380 1207 ἔμειναν
402 1123 438 1187 οί
452 1119 645 1208 τεταγμένοι
660 1125 730 1189 τῶν
748 1127 905 1208 Θηβαίων
923 1120 1006 1190 κατά
1023 1120 1061 1192 τδ

55 1253 81 1292 ιο
90 1219 272 1309 Ἀμφεῖον·
299 1213 345 1300 ’ἀς
369 1218 407 1288 δὲ
431 1219 649 1308 πανταχόθεν
671 1218 787 1301 αὐτοῖς
812 1227 847 1290 οί
863 1221 1060 1302 Μακεδόνες

93 1323 153 1390 καὶ
176 1319 393 1411 Ἀλέξανδρος
410 1318 529 1390 ἀλλοτε
546 1319 633 1411 ἀλλχχ
658 1319 912 1409 ἐπιφαινόμενος
936 1323 1060 1411 προσέ-

93 1449 218 1508 κειντο,
237 1426 273 1490 οί
286 1421 348 1509 μὲν
366 1425 478 1502 ίππείς
495 1427 564 1490 τῶν
583 1427 741 1508 Θηβαίων
759 1422 988 1504 διεκπεσόντες
1005 1421 1061 1492 διά

56 1539 62 1546 ’
94 1530 154 1611 τῆς
179 1521 308 1602 πόλεως
332 1525 366 1602 ἐς
383 1521 421 1592 τό
437 1526 564 1592 ,πεδίον
582 1523 773 1610 ἐξέπιπτον,
799 1527 835 1592 οί
850 1523 889 1592 δὲ
908 1525 996 1608 πεζοὶ
1014 1518 1061 1605 ἀς

97 1623 246 1703 ἑκάστοις
276 1619 466 1712 προύχώρει
493 1621 659 1707 ἐσώζοντο.
692 1629 778 1692 ἔνθα
808 1623 850 1712 δὴ
880 1622 969 1716 ὀργῇ
1000 1619 1095 1713 οόχ8

61 1755 85 1794 15
97 1723 207 1805 οὕτως
219 1750 251 1792 τι
260 1727 296 1793 οί
306 1723 515 1810 Μακεδόνες,
529 1721 612 1792 ἀλλά
626 1733 754 1804 Φωκεῖς
768 1750 804 1793 τε
816 1725 873 1793 καὶ
883 1734 1061 1806 Πλαταιεῖς

97 1825 154 1894 καὶ
172 1829 208 1894 οί
222 1822 319 1893 ἀλλοι
341 1823 380 1893 δὲ
397 1825 538 1895 Βοιωτοὶ
561 1821 643 1894 οὐδὲ
660 1823 892 1912 ἀμυνομένους
917 1831 964 1894 ἔτι
980 1824 1062 1906 τοάς

100 1931 270 2014 Θηβαίους
287 1922 404 1994 οὐδενὶ
421 1925 534 2018 κόσμφ
559 1930 722 2011 ἔκτεινον,
745 1921 825 2004 τούς
848 1925 911 2013 μὲν
936 1927 973 1994 ἐν
989 1939 1062 2006 ταῖς

99 2033 221 2107 οἰκίαις
239 2029 519 2114 ἐπεισπίπτοντες,
537 2023 598 2106 οάς
616 2025 655 2094 δὲ
670 2025 728 2094 καὶ
746 2027 779 2106 ἐς
797 2022 903 2112 ἀλκὴν
919 2053 1061 2117 τετραμ-

76 2128 241 2221 μένους,
264 2125 345 2207 τούς
368 2127 407 2196 δὲ
430 2127 487 2196 καὶ
506 2125 591 2216 πρός
609 2129 713 2215 ίεροϊς
731 2125 958 2214 ίκετεόοντας,
984 2125 1062 2196 οὔτε

66 2258 89 2298 ιι
101 2233 274 2315 γυναικοῖν
290 2225 369 2296 οὔτε
386 2232 518 2296 παίδων
535 2226 736 2315 φειδόμενοι.

177 2329 247 2399 Καὶ
276 2328 386 2408 πάθος
420 2333 519 2397 τοῦτο
550 2321 743 2414 Ἑλληνικόν
772 2328 907 2416 μεγέθει
935 2355 972 2398 τε
1001 2333 1104 2415 τῆς9

101 2424 244 2517 ἀλούσης
263 2427 391 2509 πόλεως
408 2429 465 2497 καί
488 2425 619 2518 όξότητι
634 2433 696 2498 τοῦ
720 2433 839 2518 ἔργου,
864 2425 928 2517 οὐχ
945 2427 1063 2516 ἥκιστα

103 2530 143 2600 δὲ’
161 2531 217 2599 καὶ
240 2532 290 2624 τῷ
310 2527 490 2621 παραλόγῳ
513 2535 546 2610 ἔς
569 2555 605 2598 τε
621 2526 702 2610 τούς
720 2528 892 2610 παθόντας
909 2529 966 2598 καὶ
983 2527 1063 2610 τούς

104 2631 305 2719 δράσαντας,
330 2627 370 2698 οά
389 2629 486 2718 μεῖόν
502 2655 534 2697 τι
549 2627 629 2709 τοδς
647 2625 944 2717 ἀλλουςἝλλχνας
967 2627 989 2718 ἢ
1007 2630 1063 2698 καὶ

68 2759 92 2799 τε
104 2730 223 2812 αὐτοδς
235 2730 315 2811 τοδς
328 2728 551 2819 μετασχόντας
564 2735 626 2798 τοῦ
640 2735 741 2818 ἔργον
756 2731 919 2817 ἐξέπληξε.
945 2729 987 2799 τά
1000 2730 1063 2818 μὲν
1080 2743 1096 2793 2

103 2830 166 2920 γάρ
184 2831 262 2921 περὶ
280 2836 442 2902 Σικελίαν
462 2825 652 2916 Ἀθηυαίοις
674 2831 935 2917 ξυνενεχθέντα,
960 2836 992 2899 εί
1007 2831 1064 2899 καὶ

104 2931 222 3018 πλήθει
250 2937 318 3000 τῶν
343 2928 561 3019 ἀπολομένων
585 2924 626 2998 οό
652 2934 771 3018 μείονα
800 2929 863 3016 τὴν
886 2930 1063 3021 ξυμφορὰν

104 3038 143 3122 τῇ
161 3031 255 3101 πόλει
269 3029 424 3119 ἤνεγκεν,
442 3028 527 3100 ἀλλά
544 3035 590 3124 τῷ
603 3056 639 3100 τε
651 3029 768 3119 πόρρω
782 3028 848 3100 ἀπδ
866 3037 926 3118 τῆς
940 3035 1063 3112 οίκείας

106 3137 331 3221 διαφθαρῆναι
361 3129 476 3212 αάτοῖς
505 3129 565 3201 τόν
595 3128 757 3220 στρατόν,
783 3131 840 3200 καὶ
868 3129 930 3201 τόν
953 3131 1064 3202 πολδν

74 3258 96 3300 ω
108 3231 306 3322 ξυμμαχικδν
318 3238 447 3321 μᾶλλον
463 3228 485 3319 ἢ
503 3236 629 3300 οἰκείου
645 3229 738 3318 ὄντα,
756 3233 872 3324 καὶτῷ
890 3232 951 3320 τὴν
964 3232 1064 3302 πόλιν

107 3331 215 3414 αὐτοῖς
239 3337 512 3422 περιλειφθῆναι,
537 3329 581 3411 ὡς
605 3332 661 3400 καὶ
685 3333 720 3410 ἐς
742 3329 887 3421 ὕστερον
905 3333 959 3402 ἐπὶ
976 3331 1063 3402 πολι)
1163 3333 1173 3355 ’

108 3438 149 3528 τῷ
162 3434 294 3528 πολέμῳ
308 3428 477 3521 ἀντισχεῖν
491 3435 765 3521 Λακεδαιμονίοις
777 3457 813 3500 τε
826 3433 965 3512 καὶτοῖς
978 3437 1063 3518 ξυμ-

152 3553 277 3598 Διιιεπτε,
894 3545 910 3593 2
