2620 3924
222 161 282 226 118
574 160 828 221 ΑΛΕΞΑΝΔΡΟΤ

220 307 278 391 τής
299 305 461 391 ἑταιρικῆς
480 305 537 372 καὶ
551 308 609 392 τής
628 305 803 392 φάλαγγος
820 305 879 392 τῆς
896 307 1004 396 ταύτῃ
1024 310 1186 398 τεταγμέ·

221 433 281 492 νής
300 396 359 492 ήγε
378 406 493 496 δρόμφ
511 433 547 474 τε
558 408 621 474 καὶ
640 405 823 498 ἀλαλαγμῷ
844 406 889 487 ὦς
909 410 964 476 ἐπὶ
983 408 1092 478 αότδν
1111 423 1185 481 Δα-

187 521 203 569 3
222 521 324 594 ρεῖον.
356 509 413 574 καὶ
432 507 557 596 χρόνον
574 509 638 595 μέν
651 535 726 576 τινα
739 507 857 593 ὀλίγον
873 511 910 577 ἐν
923 511 1039 596 χερσὶν
1057 511 1078 599 ή
1096 513 1184 600 μάχη

222 609 369 694 ἐγένετο·
411 607 457 687 ολς
481 607 519 676 δέ
543 613 579 677 οί
602 635 638 677 τε
663 615 775 689 ίπιιεῐς
800 614 837 677 οί
857 608 937 698 ἄμφ’
962 609 1185 701 Ἀλέξανδρον
1306 693 1307 714 χ

221 711 278 777 καὶ
297 707 401 788 αότδς
416 708 635 798 Ἀλέξανδρος
649 709 825 799 εὐρώστως
842 713 1006 780 ἐνέκειντο
1022 711 1213 800 άθισμοῖςε

221 837 257 879 τε
274 811 439 900 χρεόμενοι
452 813 509 880 καὶ
527 827 599 890 τοῖς
618 813 753 892 ξυστοῖς
767 812 807 878 τά
827 813 997 899 πρόσωπα
1009 816 1078 882 τῶν
1094 824 1185 903 Περ·
1306 805 1307 814 ¹

222 914 293 980 σάν
316 911 517 998 κόπτοντες,
541 910 563 998 ή
586 938 622 979 τε
646 913 778 999 φάλαγξ
797 911 818 1000 ή
838 915 1055 1001 Μακεδονικὴ
1074 917 1185 1004 πυκνή

221 1015 279 1081 καὶ
292 1029 367 1092 ταῖς
382 1021 557 1100 σαρίσσαις
572 1030 756 1100 πεφρικυῖα
772 1015 965 1102 ἐμβεβλήκει
977 1013 1042 1103 ήδη
1056 1015 1186 1105 αότοίς,

221 1115 278 1181 καὶ
297 1113 409 1182 πάντα
423 1113 509 1201 ὁμοῦ
524 1113 564 1181 τά
580 1115 674 1182 δεινά
688 1115 745 1183 καὶ
764 1115 867 1184 πάλαι
879 1114 941 1204 ήδη
961 1120 1095 1208 φοβερῷ
1114 1116 1187 1186 όντι

222 1223 360 1306 Δαρείῳ
371 1217 541 1301 ἐφαίνετο,
555 1219 688 1302 πρῶτος
698 1214 802 1295 αότδς
813 1219 1014 1305 ἐπιστρέψας
1026 1224 1184 1305 ἔφευγεν·
1200 1251 1227 1291 ιο

224 1315 441 1404 ἐφοβήθησαν
458 1315 498 1385 δὲ
515 1316 572 1384 καὶ
595 1321 633 1384 οί
653 1317 929 1404 περιιππεύοντες
946 1321 1016 1385 τῶν
1041 1323 1185 1409 Περσων

222 1417 260 1484 τὸ
275 1419 375 1506 κέρας
391 1416 606 1506 ἐμβαλόντων
626 1420 659 1497 ἐς
678 1415 805 1497 αάτοός
823 1416 1000 1507 εόροίστως
1019 1422 1089 1487 τῶν
1107 1423 1185 1510 περὶ

218 1516 367 1607 Ἀρέτην.
403 1561 407 1568 ·

189 1633 205 1681 4
305 1617 420 1707 Ταότή
446 1617 508 1706 μέν
533 1619 576 1707 δή
599 1621 668 1687 τόν
687 1622 830 1707 Περσῶν
854 1621 948 1707 φυγή
966 1622 1110 1712 καρτερά
1129 1613 1185 1708 ἦν,

222 1721 280 1788 καὶ
305 1723 341 1806 οἱ
362 1719 560 1799 Μακεδόνες
586 1719 784 1807 ἐφεπόμενοι
809 1721 975 1808 ἐφόνευον
997 1723 1079 1803 τούς
1097 1723 1184 1810 φεόγ
1200 1751 1225 1792 ιε

222 1847 354 1908 γοντας.
396 1827 433 1889 οί
454 1819 492 1889 δὲ
524 1819 611 1908 άμφὶ
639 1829 788 1908 Σιμμίαν
811 1823 869 1890 καὶ
899 1820 920 1909 ἡ
945 1823 1070 1892 τοότου
1094 1825 1185 1906 τάξις

224 1921 337 1990 οὐκέτι
361 1923 604 2012 συνεξορμῆσαι
625 1921 833 2014 Ἀλεξάνδρφ
858 1919 1000 1992 δυνατοὶ
1029 1926 1185 2011 ἐγένοντο

226 2027 259 2102 ές
272 2023 334 2110 τήν
349 2024 478 2110 δίωξιν,
493 2021 563 2090 ἀλλ’
581 2023 815 2110 ἐπιστήσαντες
828 2023 889 2111 τήν
902 2024 1062 2112 φάλαγγα
1071 2024 1184 2096 αὐτοῦ

224 2124 445 2212 ἠγωνίζοντο,
463 2121 513 2191 ὅτι
535 2123 573 2190 τό
593 2123 773 2211 εόάνυμον
796 2127 867 2192 τῶν
885 2126 1098 2195 Μακεδόνων
1121 2151 1186 2196 πο-

190 2240 207 2289 ο
224 2235 358 2294 νεῖσθαι
370 2223 561 2312 ἠγγέλλετο.
589 2227 646 2292 καὶ
660 2225 767 2314 ταύτῃ
782 2235 1052 2316 παραρραγείσης
1067 2227 1185 2307 αὐτοῖς
1199 2258 1226 2298 εο

224 2331 283 2414 τής
296 2326 418 2406 τάξεως
432 2325 517 2393 κατά
536 2324 574 2392 τδ
589 2327 699 2412 διέχον
717 2331 927 2396 διεκπαίουσι
937 2333 1008 2396 τῶν
1022 2355 1058 2396 τε
1067 2327 1186 2398 Ἰνδῶν

224 2454 312 2506 τινες
329 2429 387 2495 καὶ
405 2429 464 2513 τής
483 2429 648 2516 Περσικῆς
667 2431 774 2497 ἵππου
793 2427 840 2507 αἷς
859 2430 915 2498 ἐπὶ
932 2429 973 2497 τά
992 2421 1186 2518 σκευοφόρα

225 2530 294 2596 τῶν
313 2529 539 2597 Μακεδόνων·
567 2531 625 2597 καὶ
643 2528 680 2596 τό
702 2535 802 2618 ἔργον
821 2533 891 2598 ἐκεῖ
906 2530 1071 2621 καρτερόν
1090 2534 1186 2617 ἐγίγ-

224 2655 310 2698 νετο.
343 2633 428 2698 οἵτε
446 2629 511 2718 γὰρ
526 2631 654 2718 Πέρσαι
671 2632 824 2719 θρασέως
844 2633 1008 2700 ἐνέκειντο
1026 2631 1186 2712 άυόπλοις

225 2744 297 2810 τοῖς
322 2737 459 2811 πολλοῖς
476 2733 534 2800 καὶ
553 2730 594 2800 οό
619 2732 887 2820 προσδοκήσασιν
912 2735 969 2802 ἐπὶ
987 2737 1077 2821 σφᾶς
1095 2737 1186 2802 διεκ-
1201 2761 1229 2803 ω

178 2847 181 2856 “
226 2841 408 2902 σεσεῖσθαί
427 2859 521 2912 τινας
539 2834 765 2913 διακόψαντας
790 2838 912 2921 διπλῆν
929 2833 991 2922 τήν
1015 2835 1187 2922 φάλαγγα,

225 2936 283 3002 καὶ
302 2939 338 3002 οί
353 2935 557 3022 αι’χμάλωτοι
573 2934 739 3022 βάρβαροι
757 2935 994 3023 ἐμβαλλόντων
1010 2939 1080 3004 τῶν
1094 2947 1187 3025 Περ-

227 3039 297 3102 σῶν
321 3035 546 3114 ξυνεπέθεντο
569 3037 622 3102 καὶ
647 3035 746 3104 αότοὶ
768 3051 840 3116 τοῖς
858 3037 1055 3106 Μακεδόσιν
1079 3039 1187 3127 ἐντῷ

110 3149 112 3152 ·
194 3147 215 3196 σ
229 3141 326 3224 έργφ.
346 3139 424 3203 ,τῶν
443 3135 481 3203 δὲ
506 3138 771 3223 ἐπιτεταγμένων
788 3129 830 3226 τή
850 3139 967 3228 προίτή
988 3139 1137 3225 φάλαγγι
1154 3144 1192 3206 οἱ

226 3233 386 3322 ἡγεμόνες
411 3234 531 3322 ὀξέως,
555 3236 722 3328 μαθόντες
740 3238 778 3306 τό
796 3240 1014 3326 γιγνόμενον,
1039 3246 1188 3326 μεταβα-
1203 3267 1232 3309 εο

227 3335 357 3424 λόυτες,
374 3325 462 3426 ᾗπερ
480 3337 690 3426 παρήγγελτο
707 3337 845 3424 αὐτοῖς,
862 3339 923 3426 τήν
940 3339 1035 3420 τάξιν
1054 3342 1189 3425 ἐπιγίγ-

226 3463 343 3506 νονται
360 3437 444 3506 κατὰ
462 3439 574 3509 νότου
592 3455 663 3518 τοῖς
688 3441 852 3527 Πέρσαις,
874 3442 933 3508 καὶ
957 3441 1106 3520 πολλοὺς
1125 3439 1190 3528 μὲν
