2632 3922
486 189 669 243 ιαεοιειε
686 191 711 254 4,
729 192 771 242 τε.
796 143 803 152 ’
1052 190 1113 255 197

147 373 266 434 μενος,
291 346 413 434 πέμπει
436 346 527 436 παρά
546 356 758 434 Πτολεμαῖον
778 349 838 434 τής
862 346 986 426 νυκτός
1003 346 1114 436 γράμ-

147 475 235 536 ματα
261 449 410 536 φέροντα
435 446 497 518 τόν
520 446 642 533 Ἰνδόν,
669 452 728 517 ἵνα
752 449 949 535 ἐγέγραπτο,
978 449 1114 518 ἐπειδάν

148 549 252 627 αὐτὸς
279 549 457 637 προσβάλῃ
490 551 533 637 τῇ
566 550 691 639 πέτρη,
722 546 785 616 τὸν
816 547 856 618 δέ
890 550 1016 618 ἐπιέναι
1040 564 1113 629 τοῖς

148 649 332 738 βαρβάροις
358 649 442 717 κατὰ
467 647 507 718 τό
535 647 635 738 ὄρος,
662 647 746 738 μηδὲ
763 647 901 736 άγαπάν
919 651 957 718 ἐν
974 655 1113 739 φυλακή

122 755 272 836 εέχοντα
296 749 334 818 τὸ
361 757 499 838 χωρίον,
535 747 581 830 ὡς
612 747 856 837 ἀμφοτέρωθεν
883 753 1114 838 βαλλομένους

148 851 232 930 τούς
246 848 377 930 Ἰνδοός
395 849 607 938 ἀμφιβόλους
624 859 812 938 γίγνεσθαι.
849 853 906 919 καὶ
925 850 1028 932 αὐτὸς
1046 850 1148 939 άμασ

148 957 191 1042 τῇ
217 948 326 1042 ἡμέρη
342 950 437 1039 -άρας
463 954 500 1020 ἐκ
526 956 587 1020 τοῦ
615 954 843 1039 στρατοπέδου
873 955 1023 1041 προσῆγε
1047 953 1115 1039 τήν

150 1052 313 1141 στρατιάν
335 1050 420 1122 κατά
435 1051 500 1138 τήν
520 1051 709 1142 πρόσβασιν
727 1043 750 1141 ᾗ
769 1060 978 1140 Πτολεμαῖος
996 1053 1115 1122 λαθάν

150 1152 275 1240 άνέβη,
299 1151 440 1241 γνάμην
458 1153 659 1241 ποιούμενος
678 1151 723 1233 ὥς
741 1159 775 1222 εί
788 1153 896 1242 ταότη
914 1153 1115 1242 βιασάμενος

111 1281 138 1321 ιο
151 1253 304 1342 ξυμμίξει
336 1267 408 1333 τοῖς
442 1253 529 1374 ἀμφὶ
555 1263 785 1342 Πτολεμαῖον,
818 1253 860 1323 06
886 1254 1033 1341 χαλεπὸν
1068 1260 1116 1322 ἔτι

152 1353 314 1442 ἐσόμενον
332 1354 425 1446 αὐτῷ
441 1351 480 1422 τὸ
499 1361 609 1443 ἔργον.
661 1356 719 1424 καὶ
738 1353 923 1443 ξυνέβη“
878 1381 997 1435 ουτως.
1042 1361 1149 1424 ἐστεο

79 1485 101 1554 ‘.
150 1454 213 1544 μὲν
237 1453 303 1544 γάρ
329 1457 384 1523 ἐπὶ
408 1462 620 1544 μεσημβρίαν
645 1453 847 1542 ξυνειστήκει
864 1454 1009 1576 καρτερά
1026 1454 1115 1543 μάχη

149 1571 221 1636 τοῖς
245 1581 281 1625 τε
303 1554 425 1635 Ἰνδοῖς
450 1559 508 1626 καὶ
533 1572 605 1636 τοῖς
632 1555 841 1644 Μακεδόσιν,
872 1582 943 1624 των
969 1557 1031 1644 μὲν
1058 1559 1116 1624 ἐκ·

150 1658 358 1745 βιαζομένων
385 1660 420 1736 ἐς
446 1657 509 1743 τήν
534 1658 737 1746 πρόσβασιν,
763 1683 833 1726 των
857 1656 895 1725 δὲ
918 1657 1116 1744 βαλλόντων

90 1817 92 1822 .
113 1782 139 1824 ιι
152 1756 325 1838 άνιόντας·
346 1785 393 1838 ως
409 1755 503 1827 δέ’
461 1784 526 1828 ουκ
535 1757 676 1828 ανιεσαν
686 1757 941 1844 οίΜακεδόνες,
954 1756 1050 1825 ἄλλοι
1060 1756 1113 1826 ἐπ’
1211 1777 1214 1784 ’

151 1857 264 1938 ἄλλοις
283 1859 442 1948 ἐπιόντες,
461 1863 498 1927 οἱ
512 1857 551 1927 66
568 1855 721 1947 πρόσθεν
737 1856 1001 1947 ἀναπαυόμενοι,
1018 1856 1116 1944 μόγις

153 1961 195 2048 δή
203 1957 293 2047 ἀμφὶ
301 1965 420 2047 Ιδείλην
432 1959 618 2047 ἐκράτησαν
629 1963 691 2044 τής
700 1959 855 2046 παρόδου
868 1959 926 2026 καλ
936 1957 1116 2046 ξυνέμιξαν

142 2067 224 2141 Ιτοῖς
242 2061 305 2141 ξδν
320 2067 537 2184 Πτολεμαίῳ.
574 2060 759 2129 ἐκεῖθενδέ
774 2057 861 2184 ὁμοῦ
875 2057 938 2146 ήδη
951 2060 1117 2146 γενομένη

151 2160 331 2249 ήστρατιά
358 2163 451 2230 πᾶσα
477 2160 618 2248 ἐπήγετο
644 2152 747 2240 αὖθις
775 2185 821 2239 ως
848 2159 901 2228 ἐπ’
921 2157 1031 2246 αυτήν
1054 2159 1116 2245 τήν

112 2286 140 2328 ιο
153 2261 297 2372 πέτραν·
330 2260 415 2331 άλλέι
433 2258 499 2350 γάρ
517 2259 603 2330 ἐπ”
583 2285 708 2349 απορος
725 2253 769 2348 ήν
787 2257 875 2349 αὐτῇ
893 2287 914 2347 η
904 2259 1114 2350 ’προσβολή

151 2347 261 2450 ια’άτη
285 2361 349 2450 μὲν
372 2361 414 2449 δή
437 2364 479 2450 τῇ
506 2361 614 2452 ήμέρηι
643 2387 745 2430 τουτο
770 2359 808 2429 τό
834 2362 929 2440 τέλος
954 2369 1114 2486 γίγνεται.

226 2461 306 2533 ’λαιὰ
334 2463 373 2532 δὲ
395 2459 460 2550 τήν
478 2465 523 2531 έω
541 2465 764 2551 παραγγέλλει
782 2461 968 2550 στρατιάτη
988 2460 1115 2584 έκάστφ
1133 2477 1150 2526 ‘e

152 2563 289 2634 κόπτειν
315 2565 464 2653 χάρακας
498 2563 619 2634 έκατόν
650 2562 722 2632 κατ’
761 2561 881 2652 ἄνδρα.
931 2563 990 2631 καί
1023 2553 1117 2633 οὗτοι
1230 2631 1232 2636 .

153 2666 351 2752 κεκομμένοι
384 2656 471 2752 ήσαν
505 2666 562 2732 καὶ
596 2663 701 2744 αὐτὸς
736 2664 906 2752 ἐχάνννεν
932 2661 1117 2752 ἀρξάμενος

115 2787 142 2828 τι
154 2761 222 2832 άπὸ
246 2769 305 2850 τῆς
323 2791 476 2888 κορυφης
494 2791 554 2833 του
539 2765 718 2852 λόφου”
703 2791 759 2834 ινα
779 2763 1117 2853 ἐστρατοπεδευκότες

154 2855 241 2952 ήσαν
269 2863 315 2944 άς
341 2867 396 2934 ἐπὶ
419 2864 483 2952 τήν
500 2866 626 2954 πέτραν
648 2891 744 2953 χωμα
762 2866 857 2954 μέγα,
878 2871 980 2934 ἐνθεν
997 2861 1116 2945 τοξεό·

153 2965 244 3054 ματά
277 2992 314 3034 τε
347 2961 390 3034 ἂν
427 2967 681 3047 ἐξικνεῖσθαι’
664 2993 698 3048 ες
724 2965 806 3045 τοός
839 2967 1117 3090 προμαχομένους

155 3067 285 3135 δυνατὰ
313 3065 406 3158 αότφ
429 3069 586 3154 ἐφαίνετο
607 3069 664 3136 καὶ
680 3064 748 3136 άπό
764 3093 924 3155 μηχανων
938 3064 1055 3155 βέλη’
1035 3093 1117 3152 αφι-

156 3168 272 3256 έμενα
298 3169 357 3236 καί
378 3167 552 3254 ἐχάνννον
574 3167 667 3258 αὐτῷ
694 3170 761 3248 πάις
789 3194 839 3248 τις
867 3167 1116 3255 ἀντιλαμβανό-

116 3295 253 3358 οομενος
274 3295 336 3338 του
321 3271 473 3358 ”·ἐργου
491 3271 549 3337 καὶ
574 3267 677 3349 αὐτὸς
702 3269 887 3356 ἐφειστήκει
908 3267 1033 3354 θεατής
1058 3269 1117 3336 καί

140 3370 329 3459 ,ἐπαινέτης
351 3374 413 3440 τοῦ
437 3370 501 3449 ξύν
524 3377 700 3459 προθυμίᾳ
729 3370 986 3457 περαινομένου,
1012 3376 1114 3436 κολα-

156 3471 235 3558 στής
263 3471 301 3541 δέ
327 3474 388 3542 τοῦ
416 3473 454 3542 ἐν
480 3475 527 3564 τῷ
555 3474 758 3562 παραχρῆμα
786 3471 954 3550 ἐκλιποῦς.
