<?xml version="1.0" encoding="UTF-8"?>
<!DOCTYPE html PUBLIC "-//W3C//DTD XHTML 1.0 Transitional//EN"
    "http://www.w3.org/TR/xhtml1/DTD/xhtml1-transitional.dtd">
<html xmlns="http://www.w3.org/1999/xhtml" xml:lang="en" lang="en">
 <head>
  <title>
</title>
<meta http-equiv="Content-Type" content="text/html;charset=utf-8" />
  <meta name='ocr-system' content='tesseract 3.04.00' />
  <meta name='ocr-capabilities' content='ocr_page ocr_carea ocr_par ocr_line ocrx_word'/>
</head>
<body>
  <div class='ocr_page' id='page_1' title='image "./arrianianabasis01arrigoog_0157.png"; bbox 0 0 2620 3924; ppageno 0'>
   <div class='ocr_carea' id='block_1_1' title="bbox 212 145 817 212">
    <p class='ocr_par' dir='ltr' id='par_1_1' title="bbox 212 145 817 212">
     <span class='ocr_line' id='line_1_1' title="bbox 212 145 817 212; baseline -0.003 -12"><span class='ocrx_word' id='word_1_1' title='bbox 212 145 274 212; x_wconf 75' lang='lat'><strong><em>136</em></strong></span> <span class='ocrx_word' id='word_1_2' title='bbox 565 145 817 204; x_wconf 72' lang='grc' dir='ltr'><strong><em>ειυωιοινου</em></strong></span> 
     </span>
    </p>
   </div>
   <div class='ocr_carea' id='block_1_2' title="bbox 158 283 1236 3497">
    <p class='ocr_par' dir='ltr' id='par_1_2' title="bbox 158 283 1176 673">
     <span class='ocr_line' id='line_1_2' title="bbox 158 283 1176 371; baseline -0.001 -20"><span class='ocrx_word' id='word_1_3' title='bbox 158 295 203 360; x_wconf 84' lang='grc'><strong><em>24</em></strong></span> <span class='ocrx_word' id='word_1_4' title='bbox 295 283 405 364; x_wconf 82' lang='grc' dir='ltr'><strong><em>Αὐτός</em></strong></span> <span class='ocrx_word' id='word_1_5' title='bbox 427 286 465 352; x_wconf 79' lang='grc' dir='ltr'><strong><em>δὲ</em></strong></span> <span class='ocrx_word' id='word_1_6' title='bbox 486 289 636 371; x_wconf 84' lang='grc' dir='ltr'><strong><em>προῆγεν</em></strong></span> <span class='ocrx_word' id='word_1_7' title='bbox 651 284 697 364; x_wconf 77' lang='grc' dir='ltr'><strong><em>τός</em></strong></span> <span class='ocrx_word' id='word_1_8' title='bbox 718 285 774 352; x_wconf 78' lang='grc' dir='ltr'><strong><em>ἐπί</em></strong></span> <span class='ocrx_word' id='word_1_9' title='bbox 787 285 968 370; x_wconf 76' lang='grc' dir='ltr'><em>Μάρδους,</em></span> <span class='ocrx_word' id='word_1_10' title='bbox 991 283 1176 369; x_wconf 73' lang='grc' dir='ltr'><strong><em>άναλαβοδν</em></strong></span> 
     </span>
     <span class='ocr_line' id='line_1_3' title="bbox 210 381 1174 471; baseline -0.002 -19"><span class='ocrx_word' id='word_1_11' title='bbox 210 387 290 464; x_wconf 85' lang='grc' dir='ltr'><strong><em>τούς</em></strong></span> <span class='ocrx_word' id='word_1_12' title='bbox 303 410 340 452; x_wconf 88' lang='grc' dir='ltr'><strong><em>τε</em></strong></span> <span class='ocrx_word' id='word_1_13' title='bbox 354 384 567 464; x_wconf 80' lang='grc' dir='ltr'><strong><em>ὑπασπιστάς</em></strong></span> <span class='ocrx_word' id='word_1_14' title='bbox 581 387 638 452; x_wconf 82' lang='grc' dir='ltr'><strong><em>καὶ</em></strong></span> <span class='ocrx_word' id='word_1_15' title='bbox 648 384 729 464; x_wconf 83' lang='grc' dir='ltr'><strong><em>τούς</em></strong></span> <span class='ocrx_word' id='word_1_16' title='bbox 738 387 874 464; x_wconf 77' lang='grc' dir='ltr'><strong><em>τοξότας</em></strong></span> <span class='ocrx_word' id='word_1_17' title='bbox 884 387 940 452; x_wconf 81' lang='grc' dir='ltr'><strong><em>καί</em></strong></span> <span class='ocrx_word' id='word_1_18' title='bbox 952 383 1032 463; x_wconf 81' lang='grc' dir='ltr'><strong><em>τούς</em></strong></span> <span class='ocrx_word' id='word_1_19' title='bbox 1042 381 1174 471; x_wconf 84' lang='grc' dir='ltr'><strong><em>’Λγριᾶ-</em></strong></span> 
     </span>
     <span class='ocr_line' id='line_1_4' title="bbox 209 481 1174 571; baseline -0.001 -18"><span class='ocrx_word' id='word_1_20' title='bbox 209 510 271 564; x_wconf 89' lang='grc' dir='ltr'><strong><em>νας</em></strong></span> <span class='ocrx_word' id='word_1_21' title='bbox 298 487 355 551; x_wconf 80' lang='grc' dir='ltr'><strong><em>καὶ</em></strong></span> <span class='ocrx_word' id='word_1_22' title='bbox 382 481 444 571; x_wconf 80' lang='grc' dir='ltr'><strong><em>τὴν</em></strong></span> <span class='ocrx_word' id='word_1_23' title='bbox 472 489 602 553; x_wconf 87' lang='grc' dir='ltr'><strong><em>Κοίνου</em></strong></span> <span class='ocrx_word' id='word_1_24' title='bbox 629 486 686 552; x_wconf 81' lang='grc' dir='ltr'><strong><em>καὶ</em></strong></span> <span class='ocrx_word' id='word_1_25' title='bbox 710 485 877 571; x_wconf 76' lang='grc' dir='ltr'><strong><em>Ἀμύντου</em></strong></span> <span class='ocrx_word' id='word_1_26' title='bbox 903 487 999 565; x_wconf 88' lang='grc' dir='ltr'><strong><em>τάξιν</em></strong></span> <span class='ocrx_word' id='word_1_27' title='bbox 1026 488 1082 552; x_wconf 84' lang='grc' dir='ltr'><strong><em>καί</em></strong></span> <span class='ocrx_word' id='word_1_28' title='bbox 1103 492 1174 554; x_wconf 77' lang='grc' dir='ltr'><strong><em>τάν</em></strong></span> 
     </span>
     <span class='ocr_line' id='line_1_5' title="bbox 210 585 1174 673; baseline 0 -19"><span class='ocrx_word' id='word_1_29' title='bbox 210 586 352 672; x_wconf 83' lang='grc' dir='ltr'><strong><em>ἑταίρων</em></strong></span> <span class='ocrx_word' id='word_1_30' title='bbox 376 588 505 654; x_wconf 85' lang='grc' dir='ltr'><strong><em>ίππέων</em></strong></span> <span class='ocrx_word' id='word_1_31' title='bbox 532 585 614 663; x_wconf 81' lang='grc' dir='ltr'><strong><em>τούς</em></strong></span> <span class='ocrx_word' id='word_1_32' title='bbox 633 585 773 673; x_wconf 81' lang='grc' dir='ltr'><strong><em>ἡμίσεας</em></strong></span> <span class='ocrx_word' id='word_1_33' title='bbox 793 589 850 653; x_wconf 82' lang='grc' dir='ltr'><strong><em>καί</em></strong></span> <span class='ocrx_word' id='word_1_34' title='bbox 870 586 949 664; x_wconf 86' lang='grc' dir='ltr'><strong><em>τούς</em></strong></span> <span class='ocrx_word' id='word_1_35' title='bbox 971 588 1174 654; x_wconf 80' lang='grc' dir='ltr'><strong><em>ἱππακοντι-</em></strong></span> 
     </span>
    </p>

    <p class='ocr_par' dir='ltr' id='par_1_3' title="bbox 176 681 1212 1581">
     <span class='ocr_line' id='line_1_6' title="bbox 176 681 1201 776; baseline -0.001 -20"><span class='ocrx_word' id='word_1_36' title='bbox 176 708 192 756; x_wconf 79' lang='lat'><strong>2</strong></span> <span class='ocrx_word' id='word_1_37' title='bbox 210 689 306 766; x_wconf 90' lang='grc' dir='ltr'><strong><em>στάς·</em></strong></span> <span class='ocrx_word' id='word_1_38' title='bbox 337 686 401 774; x_wconf 75' lang='grc' dir='ltr'><strong><em>ἤδη</em></strong></span> <span class='ocrx_word' id='word_1_39' title='bbox 422 687 489 773; x_wconf 91' lang='grc' dir='ltr'><strong><em>γάρ</em></strong></span> <span class='ocrx_word' id='word_1_40' title='bbox 511 687 675 776; x_wconf 74' lang='grc' dir='ltr'><strong><em>αὐτῷκαὶ</em></strong></span> <span class='ocrx_word' id='word_1_41' title='bbox 696 688 953 756; x_wconf 80' lang='grc' dir='ltr'><strong><em>ἱππακοντισταὶ</em></strong></span> <span class='ocrx_word' id='word_1_42' title='bbox 967 689 1059 766; x_wconf 89' lang='grc' dir='ltr'><strong><em>τάξις</em></strong></span> <span class='ocrx_word' id='word_1_43' title='bbox 1072 681 1201 774; x_wconf 81' lang='grc' dir='ltr'><strong><em>ἦσαν.τ</em></strong></span> 
     </span>
     <span class='ocr_line' id='line_1_7' title="bbox 211 787 1173 876; baseline 0.001 -21"><span class='ocrx_word' id='word_1_44' title='bbox 211 787 367 856; x_wconf 72' lang='grc' dir='ltr'><strong><em>ἐπελθόν</em></strong></span> <span class='ocrx_word' id='word_1_45' title='bbox 389 790 427 856; x_wconf 76' lang='grc' dir='ltr'><strong><em>δὲ</em></strong></span> <span class='ocrx_word' id='word_1_46' title='bbox 448 791 486 855; x_wconf 91' lang='grc' dir='ltr'><strong><em>τδ</em></strong></span> <span class='ocrx_word' id='word_1_47' title='bbox 510 787 599 856; x_wconf 84' lang='grc' dir='ltr'><strong><em>πολύ</em></strong></span> <span class='ocrx_word' id='word_1_48' title='bbox 613 791 713 876; x_wconf 88' lang='grc' dir='ltr'><strong><em>μέρος</em></strong></span> <span class='ocrx_word' id='word_1_49' title='bbox 729 795 788 874; x_wconf 76' lang='grc' dir='ltr'><strong><em>τῆς</em></strong></span> <span class='ocrx_word' id='word_1_50' title='bbox 809 788 919 874; x_wconf 81' lang='grc' dir='ltr'><strong><em>χωρας</em></strong></span> <span class='ocrx_word' id='word_1_51' title='bbox 933 794 1002 855; x_wconf 69' lang='grc' dir='ltr'><strong><em>τοῖν</em></strong></span> <span class='ocrx_word' id='word_1_52' title='bbox 1017 791 1173 873; x_wconf 89' lang='grc' dir='ltr'><strong><em>Μάρδων</em></strong></span> 
     </span>
     <span class='ocr_line' id='line_1_8' title="bbox 209 885 1175 975; baseline 0.002 -19"><span class='ocrx_word' id='word_1_53' title='bbox 209 888 358 968; x_wconf 84' lang='grc' dir='ltr'><strong><em>πολλούς</em></strong></span> <span class='ocrx_word' id='word_1_54' title='bbox 378 891 441 975; x_wconf 79' lang='grc' dir='ltr'><strong><em>μὲν</em></strong></span> <span class='ocrx_word' id='word_1_55' title='bbox 463 889 659 957; x_wconf 88' lang='grc' dir='ltr'><strong><em>άπέκτεινεν</em></strong></span> <span class='ocrx_word' id='word_1_56' title='bbox 681 889 795 956; x_wconf 82' lang='grc' dir='ltr'><strong><em>οιύτάν</em></strong></span> <span class='ocrx_word' id='word_1_57' title='bbox 817 885 1024 974; x_wconf 87' lang='grc' dir='ltr'><strong><em>φεύγοντας,</em></strong></span> <span class='ocrx_word' id='word_1_58' title='bbox 1053 889 1113 968; x_wconf 70' lang='grc' dir='ltr'><strong><em>οὓς</em></strong></span> <span class='ocrx_word' id='word_1_59' title='bbox 1135 892 1175 958; x_wconf 89' lang='grc' dir='ltr'><strong><em>δέ</em></strong></span> 
     </span>
     <span class='ocr_line' id='line_1_9' title="bbox 209 989 1174 1077; baseline -0.001 -20"><span class='ocrx_word' id='word_1_60' title='bbox 209 1015 303 1068; x_wconf 90' lang='grc' dir='ltr'><strong><em>τινας</em></strong></span> <span class='ocrx_word' id='word_1_61' title='bbox 325 994 359 1069; x_wconf 84' lang='grc' dir='ltr'><strong><em>ές</em></strong></span> <span class='ocrx_word' id='word_1_62' title='bbox 381 989 491 1076; x_wconf 76' lang='grc' dir='ltr'><strong><em>άλκὴν</em></strong></span> <span class='ocrx_word' id='word_1_63' title='bbox 519 991 783 1077; x_wconf 77' lang='grc' dir='ltr'><strong><em>τετραμμένους,</em></strong></span> <span class='ocrx_word' id='word_1_64' title='bbox 811 989 960 1068; x_wconf 85' lang='grc' dir='ltr'><strong><em>πολλούς</em></strong></span> <span class='ocrx_word' id='word_1_65' title='bbox 985 992 1023 1056; x_wconf 81' lang='grc' dir='ltr'><strong><em>δὲ</em></strong></span> <span class='ocrx_word' id='word_1_66' title='bbox 1049 995 1174 1071; x_wconf 77' lang='grc' dir='ltr'><strong><em>ξάυτας</em></strong></span> 
     </span>
     <span class='ocr_line' id='line_1_10' title="bbox 209 1090 1173 1177; baseline -0.001 -18"><span class='ocrx_word' id='word_1_67' title='bbox 209 1096 340 1176; x_wconf 81' lang='grc' dir='ltr'><strong><em>ἔλαβεν.</em></strong></span> <span class='ocrx_word' id='word_1_68' title='bbox 383 1091 425 1159; x_wconf 91' lang='grc' dir='ltr'><strong><em>ού</em></strong></span> <span class='ocrx_word' id='word_1_69' title='bbox 445 1091 512 1177; x_wconf 87' lang='grc' dir='ltr'><strong><em>γάρ</em></strong></span> <span class='ocrx_word' id='word_1_70' title='bbox 534 1096 629 1159; x_wconf 84' lang='grc' dir='ltr'><strong><em>ἔστιν</em></strong></span> <span class='ocrx_word' id='word_1_71' title='bbox 649 1090 739 1170; x_wconf 84' lang='grc' dir='ltr'><strong><em>ὅστις</em></strong></span> <span class='ocrx_word' id='word_1_72' title='bbox 760 1092 886 1176; x_wconf 92' lang='grc' dir='ltr'><strong><em>χρόνου</em></strong></span> <span class='ocrx_word' id='word_1_73' title='bbox 915 1092 1115 1177; x_wconf 79' lang='grc' dir='ltr'><strong><em>ἐμβεβλήκει</em></strong></span> <span class='ocrx_word' id='word_1_74' title='bbox 1137 1094 1173 1169; x_wconf 86' lang='grc' dir='ltr'><strong><em>ές</em></strong></span> 
     </span>
     <span class='ocr_line' id='line_1_11' title="bbox 208 1191 1212 1281; baseline 0.002 -22"><span class='ocrx_word' id='word_1_75' title='bbox 208 1192 270 1278; x_wconf 84' lang='grc' dir='ltr'><strong><em>τὴν</em></strong></span> <span class='ocrx_word' id='word_1_76' title='bbox 292 1199 357 1278; x_wconf 78' lang='grc' dir='ltr'><strong><em>γῆν</em></strong></span> <span class='ocrx_word' id='word_1_77' title='bbox 383 1191 497 1260; x_wconf 76' lang='grc' dir='ltr'><strong><em>αὐτοῖν</em></strong></span> <span class='ocrx_word' id='word_1_78' title='bbox 520 1196 576 1261; x_wconf 82' lang='grc' dir='ltr'><strong><em>ἐπί</em></strong></span> <span class='ocrx_word' id='word_1_79' title='bbox 597 1195 732 1281; x_wconf 81' lang='grc' dir='ltr'><strong><em>πολέμῳ</em></strong></span> <span class='ocrx_word' id='word_1_80' title='bbox 754 1194 811 1260; x_wconf 88' lang='grc' dir='ltr'><strong><em>διά</em></strong></span> <span class='ocrx_word' id='word_1_81' title='bbox 838 1216 875 1260; x_wconf 91' lang='grc' dir='ltr'><strong><em>τε</em></strong></span> <span class='ocrx_word' id='word_1_82' title='bbox 897 1194 1093 1278; x_wconf 76' lang='grc' dir='ltr'><strong><em>δυσχωρίαν</em></strong></span> <span class='ocrx_word' id='word_1_83' title='bbox 1115 1195 1172 1258; x_wconf 81' lang='grc' dir='ltr'><strong><em>καί</em></strong></span> <span class='ocrx_word' id='word_1_84' title='bbox 1185 1223 1212 1266; x_wconf 84' lang='grc' dir='ltr'><strong><em>ιο</em></strong></span> 
     </span>
     <span class='ocr_line' id='line_1_12' title="bbox 209 1287 1170 1382; baseline 0 -22"><span class='ocrx_word' id='word_1_85' title='bbox 209 1292 260 1360; x_wconf 86' lang='grc' dir='ltr'><strong><em>ότι</em></strong></span> <span class='ocrx_word' id='word_1_86' title='bbox 274 1294 413 1379; x_wconf 81' lang='grc' dir='ltr'><strong><em>πένητες</em></strong></span> <span class='ocrx_word' id='word_1_87' title='bbox 423 1295 458 1361; x_wconf 79' lang='grc' dir='ltr'><strong><em>οἱ</em></strong></span> <span class='ocrx_word' id='word_1_88' title='bbox 465 1295 603 1376; x_wconf 78' lang='grc' dir='ltr'><strong><em>Μάρδοι</em></strong></span> <span class='ocrx_word' id='word_1_89' title='bbox 617 1293 675 1360; x_wconf 80' lang='grc' dir='ltr'><strong><em>καί</em></strong></span> <span class='ocrx_word' id='word_1_90' title='bbox 690 1291 828 1380; x_wconf 89' lang='grc' dir='ltr'><strong><em>μάχιμοι</em></strong></span> <span class='ocrx_word' id='word_1_91' title='bbox 843 1293 898 1360; x_wconf 78' lang='grc' dir='ltr'><strong><em>ἐπὶ</em></strong></span> <span class='ocrx_word' id='word_1_92' title='bbox 910 1299 950 1380; x_wconf 80' lang='grc' dir='ltr'><strong><em>τῇ</em></strong></span> <span class='ocrx_word' id='word_1_93' title='bbox 961 1297 1062 1382; x_wconf 81' lang='grc' dir='ltr'><strong><em>πενίᾳ</em></strong></span> <span class='ocrx_word' id='word_1_94' title='bbox 1072 1287 1170 1379; x_wconf 76' lang='grc' dir='ltr'><strong><em>ἦσαν.</em></strong></span> 
     </span>
     <span class='ocr_line' id='line_1_13' title="bbox 208 1393 1171 1480; baseline 0 -19"><span class='ocrx_word' id='word_1_95' title='bbox 208 1393 340 1462; x_wconf 82' lang='grc' dir='ltr'><strong><em>οὔκουν</em></strong></span> <span class='ocrx_word' id='word_1_96' title='bbox 354 1393 433 1460; x_wconf 74' lang='grc' dir='ltr'><strong><em>οὐδὲ</em></strong></span> <span class='ocrx_word' id='word_1_97' title='bbox 452 1394 673 1480; x_wconf 77' lang='grc' dir='ltr'><strong><em>Ἁλέξανδρον</em></strong></span> <span class='ocrx_word' id='word_1_98' title='bbox 688 1396 848 1479; x_wconf 79' lang='grc' dir='ltr'><strong><em>ἐμβαλεῖν</em></strong></span> <span class='ocrx_word' id='word_1_99' title='bbox 870 1393 914 1460; x_wconf 87' lang='grc' dir='ltr'><strong><em>άν</em></strong></span> <span class='ocrx_word' id='word_1_100' title='bbox 935 1417 1015 1461; x_wconf 91' lang='grc' dir='ltr'><strong><em>ποτε</em></strong></span> <span class='ocrx_word' id='word_1_101' title='bbox 1036 1397 1171 1462; x_wconf 89' lang='grc' dir='ltr'><strong><em>δείσαν-</em></strong></span> 
     </span>
     <span class='ocr_line' id='line_1_14' title="bbox 208 1492 1170 1581; baseline 0.002 -20"><span class='ocrx_word' id='word_1_102' title='bbox 208 1519 272 1579; x_wconf 88' lang='grc' dir='ltr'><strong><em>τες,</em></strong></span> <span class='ocrx_word' id='word_1_103' title='bbox 296 1495 408 1571; x_wconf 87' lang='grc' dir='ltr'><strong><em>άλλως</em></strong></span> <span class='ocrx_word' id='word_1_104' title='bbox 429 1497 536 1560; x_wconf 77' lang='grc' dir='ltr'><strong><em>τεκαὶ</em></strong></span> <span class='ocrx_word' id='word_1_105' title='bbox 554 1495 837 1579; x_wconf 76' lang='grc' dir='ltr'><strong><em>προκεχωρηκότα</em></strong></span> <span class='ocrx_word' id='word_1_106' title='bbox 857 1493 924 1580; x_wconf 79' lang='grc' dir='ltr'><strong><em>ἤδη</em></strong></span> <span class='ocrx_word' id='word_1_107' title='bbox 942 1492 976 1572; x_wconf 84' lang='grc' dir='ltr'><strong><em>ές</em></strong></span> <span class='ocrx_word' id='word_1_108' title='bbox 989 1493 1027 1560; x_wconf 87' lang='grc' dir='ltr'><strong><em>τό</em></strong></span> <span class='ocrx_word' id='word_1_109' title='bbox 1041 1497 1170 1581; x_wconf 86' lang='grc' dir='ltr'><strong><em>πρόσω,</em></strong></span> 
     </span>
    </p>

    <p class='ocr_par' dir='ltr' id='par_1_4' title="bbox 175 1593 1210 2384">
     <span class='ocr_line' id='line_1_15' title="bbox 175 1593 1172 1681; baseline 0.002 -19"><span class='ocrx_word' id='word_1_110' title='bbox 175 1620 191 1669; x_wconf 83' lang='lat'><strong>3</strong></span> <span class='ocrx_word' id='word_1_111' title='bbox 209 1596 314 1681; x_wconf 78' lang='grc' dir='ltr'><strong><em>ταύτῃ</em></strong></span> <span class='ocrx_word' id='word_1_112' title='bbox 341 1595 472 1680; x_wconf 81' lang='grc' dir='ltr'><strong><em>μᾶλλόν</em></strong></span> <span class='ocrx_word' id='word_1_113' title='bbox 498 1618 531 1660; x_wconf 92' lang='grc' dir='ltr'><strong><em>τι</em></strong></span> <span class='ocrx_word' id='word_1_114' title='bbox 552 1593 744 1679; x_wconf 91' lang='grc' dir='ltr'><strong><em>άφύλακτοι</em></strong></span> <span class='ocrx_word' id='word_1_115' title='bbox 765 1593 957 1679; x_wconf 83' lang='grc' dir='ltr'><strong><em>ἡλίσκοντο.</em></strong></span> <span class='ocrx_word' id='word_1_116' title='bbox 991 1598 1111 1662; x_wconf 79' lang='grc' dir='ltr'><strong><em>πολλοὶ</em></strong></span> <span class='ocrx_word' id='word_1_117' title='bbox 1133 1597 1172 1664; x_wconf 71' lang='grc' dir='ltr'><strong><em>δὲ</em></strong></span> 
     </span>
     <span class='ocr_line' id='line_1_16' title="bbox 208 1693 1210 1781; baseline 0.004 -20"><span class='ocrx_word' id='word_1_118' title='bbox 208 1694 321 1762; x_wconf 73' lang='grc' dir='ltr'><strong><em>αὐτῶν</em></strong></span> <span class='ocrx_word' id='word_1_119' title='bbox 342 1695 399 1762; x_wconf 82' lang='grc' dir='ltr'><strong><em>καί</em></strong></span> <span class='ocrx_word' id='word_1_120' title='bbox 421 1696 469 1773; x_wconf 87' lang='grc' dir='ltr'><strong><em>είς</em></strong></span> <span class='ocrx_word' id='word_1_121' title='bbox 488 1693 530 1762; x_wconf 90' lang='grc' dir='ltr'><strong><em>τά</em></strong></span> <span class='ocrx_word' id='word_1_122' title='bbox 552 1693 615 1780; x_wconf 84' lang='grc' dir='ltr'><strong><em>ὅρη</em></strong></span> <span class='ocrx_word' id='word_1_123' title='bbox 629 1695 840 1780; x_wconf 90' lang='grc' dir='ltr'><strong><em>κατέφυγον,</em></strong></span> <span class='ocrx_word' id='word_1_124' title='bbox 863 1694 886 1761; x_wconf 70' lang='grc' dir='ltr'><strong><em>δι’</em></strong></span> <span class='ocrx_word' id='word_1_125' title='bbox 907 1694 949 1781; x_wconf 79' lang='grc' dir='ltr'><strong><em>δὴ</em></strong></span> <span class='ocrx_word' id='word_1_126' title='bbox 969 1693 1170 1781; x_wconf 80' lang='grc' dir='ltr'><strong><em>ὑπερύψηλά</em></strong></span> <span class='ocrx_word' id='word_1_127' title='bbox 1184 1724 1210 1766; x_wconf 79' lang='grc' dir='ltr'><strong><em>ιτ</em></strong></span> 
     </span>
     <span class='ocr_line' id='line_1_17' title="bbox 208 1793 1171 1883; baseline 0.002 -21"><span class='ocrx_word' id='word_1_128' title='bbox 208 1820 245 1863; x_wconf 90' lang='grc' dir='ltr'><strong><em>τε</em></strong></span> <span class='ocrx_word' id='word_1_129' title='bbox 266 1798 323 1862; x_wconf 81' lang='grc' dir='ltr'><strong><em>καί</em></strong></span> <span class='ocrx_word' id='word_1_130' title='bbox 344 1795 495 1882; x_wconf 90' lang='grc' dir='ltr'><strong><em>άπότομα</em></strong></span> <span class='ocrx_word' id='word_1_131' title='bbox 517 1793 633 1873; x_wconf 88' lang='grc' dir='ltr'><strong><em>αύτοίς</em></strong></span> <span class='ocrx_word' id='word_1_132' title='bbox 648 1797 687 1863; x_wconf 89' lang='grc' dir='ltr'><strong><em>έν</em></strong></span> <span class='ocrx_word' id='word_1_133' title='bbox 707 1801 749 1882; x_wconf 78' lang='grc' dir='ltr'><strong><em>τῇ</em></strong></span> <span class='ocrx_word' id='word_1_134' title='bbox 769 1797 862 1883; x_wconf 80' lang='grc' dir='ltr'><strong><em>χάρμ</em></strong></span> <span class='ocrx_word' id='word_1_135' title='bbox 885 1798 997 1880; x_wconf 80' lang='grc' dir='ltr'><strong><em>ἐστίν,</em></strong></span> <span class='ocrx_word' id='word_1_136' title='bbox 1019 1794 1065 1874; x_wconf 77' lang='grc' dir='ltr'><strong><em>ὥς</em></strong></span> <span class='ocrx_word' id='word_1_137' title='bbox 1085 1795 1171 1882; x_wconf 79' lang='grc' dir='ltr'><strong><em>πρὸς</em></strong></span> 
     </span>
     <span class='ocr_line' id='line_1_18' title="bbox 208 1894 1170 1984; baseline 0 -21"><span class='ocrx_word' id='word_1_138' title='bbox 208 1898 314 1964; x_wconf 83' lang='grc' dir='ltr'><strong><em>ταῦτά</em></strong></span> <span class='ocrx_word' id='word_1_139' title='bbox 328 1921 367 1982; x_wconf 91' lang='grc' dir='ltr'><strong><em>γε</em></strong></span> <span class='ocrx_word' id='word_1_140' title='bbox 381 1897 443 1982; x_wconf 89' lang='grc' dir='ltr'><strong><em>ούχ</em></strong></span> <span class='ocrx_word' id='word_1_141' title='bbox 457 1897 580 1984; x_wconf 83' lang='grc' dir='ltr'><strong><em>ἥξοντα</em></strong></span> <span class='ocrx_word' id='word_1_142' title='bbox 593 1894 824 1982; x_wconf 70' lang='grc' dir='ltr'><strong><em>Ἀλέξανδρον.</em></strong></span> <span class='ocrx_word' id='word_1_143' title='bbox 854 1897 927 1964; x_wconf 78' lang='grc' dir='ltr'><strong><em>ἐπεὶ</em></strong></span> <span class='ocrx_word' id='word_1_144' title='bbox 942 1898 979 1963; x_wconf 81' lang='grc' dir='ltr'><strong><em>δὲ</em></strong></span> <span class='ocrx_word' id='word_1_145' title='bbox 994 1899 1051 1964; x_wconf 84' lang='grc' dir='ltr'><strong><em>καί</em></strong></span> <span class='ocrx_word' id='word_1_146' title='bbox 1065 1899 1170 1984; x_wconf 84' lang='grc' dir='ltr'><strong><em>ταύτη</em></strong></span> 
     </span>
     <span class='ocr_line' id='line_1_19' title="bbox 208 1997 1167 2084; baseline 0 -20"><span class='ocrx_word' id='word_1_147' title='bbox 208 2005 396 2084; x_wconf 75' lang='grc' dir='ltr'><strong><em>προσῆγεν,</em></strong></span> <span class='ocrx_word' id='word_1_148' title='bbox 424 1999 461 2066; x_wconf 77' lang='grc' dir='ltr'><strong><em>οδ</em></strong></span> <span class='ocrx_word' id='word_1_149' title='bbox 485 2000 522 2066; x_wconf 75' lang='grc' dir='ltr'><strong><em>δέ</em></strong></span> <span class='ocrx_word' id='word_1_150' title='bbox 550 2000 740 2084; x_wconf 76' lang='grc' dir='ltr'><strong><em>πέμψαντες</em></strong></span> <span class='ocrx_word' id='word_1_151' title='bbox 760 2000 917 2084; x_wconf 82' lang='grc' dir='ltr'><strong><em>πρέσβεις</em></strong></span> <span class='ocrx_word' id='word_1_152' title='bbox 939 2005 1028 2082; x_wconf 81' lang='grc' dir='ltr'><strong><em>σφᾶς</em></strong></span> <span class='ocrx_word' id='word_1_153' title='bbox 1048 2023 1085 2065; x_wconf 89' lang='grc' dir='ltr'><strong><em>τε</em></strong></span> <span class='ocrx_word' id='word_1_154' title='bbox 1107 1997 1167 2064; x_wconf 88' lang='grc' dir='ltr'><strong><em>αύ-</em></strong></span> 
     </span>
     <span class='ocr_line' id='line_1_20' title="bbox 207 2097 1169 2184; baseline 0.002 -20"><span class='ocrx_word' id='word_1_155' title='bbox 207 2097 286 2176; x_wconf 84' lang='grc' dir='ltr'><strong><em>τούς</em></strong></span> <span class='ocrx_word' id='word_1_156' title='bbox 309 2098 471 2164; x_wconf 84' lang='grc' dir='ltr'><strong><em>ἐνέδοσαν</em></strong></span> <span class='ocrx_word' id='word_1_157' title='bbox 493 2101 550 2164; x_wconf 82' lang='grc' dir='ltr'><strong><em>καί</em></strong></span> <span class='ocrx_word' id='word_1_158' title='bbox 563 2100 626 2184; x_wconf 78' lang='grc' dir='ltr'><strong><em>τὴν</em></strong></span> <span class='ocrx_word' id='word_1_159' title='bbox 648 2099 778 2182; x_wconf 86' lang='grc' dir='ltr'><strong><em>χάραν·</em></strong></span> <span class='ocrx_word' id='word_1_160' title='bbox 808 2101 865 2164; x_wconf 84' lang='grc' dir='ltr'><strong><em>καί</em></strong></span> <span class='ocrx_word' id='word_1_161' title='bbox 878 2097 1095 2184; x_wconf 85' lang='grc' dir='ltr'><strong><em>Ἀλέξανδρος</em></strong></span> <span class='ocrx_word' id='word_1_162' title='bbox 1109 2097 1169 2166; x_wconf 87' lang='grc' dir='ltr'><strong><em>αύ-</em></strong></span> 
     </span>
     <span class='ocr_line' id='line_1_21' title="bbox 206 2196 1209 2283; baseline 0.004 -19"><span class='ocrx_word' id='word_1_163' title='bbox 206 2196 286 2275; x_wconf 86' lang='grc' dir='ltr'><strong><em>τούς</em></strong></span> <span class='ocrx_word' id='word_1_164' title='bbox 317 2199 380 2282; x_wconf 79' lang='grc' dir='ltr'><strong><em>μὲν</em></strong></span> <span class='ocrx_word' id='word_1_165' title='bbox 408 2196 555 2283; x_wconf 63' lang='grc' dir='ltr'><strong><em>ἀφῆκες,</em></strong></span> <span class='ocrx_word' id='word_1_166' title='bbox 586 2199 762 2282; x_wconf 81' lang='grc' dir='ltr'><strong><em>σατράπην</em></strong></span> <span class='ocrx_word' id='word_1_167' title='bbox 789 2198 827 2263; x_wconf 77' lang='grc' dir='ltr'><strong><em>δὲ</em></strong></span> <span class='ocrx_word' id='word_1_168' title='bbox 854 2197 1028 2277; x_wconf 78' lang='grc' dir='ltr'><strong><em>ἀπέδειξεν</em></strong></span> <span class='ocrx_word' id='word_1_169' title='bbox 1055 2197 1169 2266; x_wconf 74' lang='grc' dir='ltr'><strong><em>αύτοῑν</em></strong></span> <span class='ocrx_word' id='word_1_170' title='bbox 1182 2226 1209 2268; x_wconf 80' lang='grc' dir='ltr'><strong><em>νο</em></strong></span> 
     </span>
     <span class='ocr_line' id='line_1_22' title="bbox 207 2289 929 2384; baseline 0 -19"><span class='ocrx_word' id='word_1_171' title='bbox 207 2289 622 2384; x_wconf 52' lang='grc' dir='ltr'><strong><em>Αύτοφραδάτην,’όνπερ</em></strong></span> <span class='ocrx_word' id='word_1_172' title='bbox 645 2297 701 2362; x_wconf 81' lang='grc' dir='ltr'><strong><em>καὶ</em></strong></span> <span class='ocrx_word' id='word_1_173' title='bbox 730 2299 929 2384; x_wconf 83' lang='grc' dir='ltr'><strong><em>Ταπούρων.</em></strong></span> 
     </span>
    </p>

    <p class='ocr_par' dir='ltr' id='par_1_5' title="bbox 175 2386 1236 3392">
     <span class='ocr_line' id='line_1_23' title="bbox 175 2386 1169 2482; baseline 0.004 -18"><span class='ocrx_word' id='word_1_174' title='bbox 175 2419 190 2468; x_wconf 83' lang='grc' dir='ltr'><strong><em>ι</em></strong></span> <span class='ocrx_word' id='word_1_175' title='bbox 291 2386 403 2476; x_wconf 88' lang='grc' dir='ltr'><strong><em>Αύτδς</em></strong></span> <span class='ocrx_word' id='word_1_176' title='bbox 424 2397 457 2463; x_wconf 87' lang='grc' dir='ltr'><strong><em>δ’</em></strong></span> <span class='ocrx_word' id='word_1_177' title='bbox 474 2396 675 2464; x_wconf 73' lang='grc' dir='ltr'><strong><em>ἐπανελθών</em></strong></span> <span class='ocrx_word' id='word_1_178' title='bbox 691 2399 726 2474; x_wconf 87' lang='grc' dir='ltr'><strong><em>ές</em></strong></span> <span class='ocrx_word' id='word_1_179' title='bbox 745 2398 783 2466; x_wconf 80' lang='grc' dir='ltr'><strong><em>το“</em></strong></span> <span class='ocrx_word' id='word_1_180' title='bbox 801 2398 1032 2482; x_wconf 87' lang='grc' dir='ltr'><strong><em>στρατόπεδον</em></strong></span> <span class='ocrx_word' id='word_1_181' title='bbox 1045 2403 1169 2468; x_wconf 75' lang='grc' dir='ltr'><strong><em>ἔνθεν-</em></strong></span> 
     </span>
     <span class='ocr_line' id='line_1_24' title="bbox 206 2497 1210 2586; baseline 0.002 -20"><span class='ocrx_word' id='word_1_182' title='bbox 206 2520 271 2584; x_wconf 85' lang='grc' dir='ltr'><strong><em>περ</em></strong></span> <span class='ocrx_word' id='word_1_183' title='bbox 285 2497 427 2586; x_wconf 77' lang='grc' dir='ltr'><strong><em>άρμηθη</em></strong></span> <span class='ocrx_word' id='word_1_184' title='bbox 443 2501 478 2576; x_wconf 86' lang='grc' dir='ltr'><strong><em>ές</em></strong></span> <span class='ocrx_word' id='word_1_185' title='bbox 492 2503 562 2564; x_wconf 78' lang='grc' dir='ltr'><strong><em>τεόν</em></strong></span> <span class='ocrx_word' id='word_1_186' title='bbox 576 2499 731 2582; x_wconf 89' lang='grc' dir='ltr'><strong><em>Μάρδων</em></strong></span> <span class='ocrx_word' id='word_1_187' title='bbox 745 2497 808 2584; x_wconf 73' lang='grc' dir='ltr'><strong><em>τὴν</em></strong></span> <span class='ocrx_word' id='word_1_188' title='bbox 821 2505 888 2584; x_wconf 80' lang='grc' dir='ltr'><strong><em>γῆν</em></strong></span> <span class='ocrx_word' id='word_1_189' title='bbox 903 2502 1067 2584; x_wconf 87' lang='grc' dir='ltr'><strong><em>κατέλαβε</em></strong></span> <span class='ocrx_word' id='word_1_190' title='bbox 1087 2501 1169 2580; x_wconf 85' lang='grc' dir='ltr'><strong><em>τούς</em></strong></span> <span class='ocrx_word' id='word_1_191' title='bbox 1200 2542 1210 2550; x_wconf 87' lang='grc'><strong>-</strong></span> 
     </span>
     <span class='ocr_line' id='line_1_25' title="bbox 197 2598 1169 2686; baseline 0.003 -20"><span class='ocrx_word' id='word_1_192' title='bbox 197 2599 363 2685; x_wconf 80' lang='grc' dir='ltr'><strong><em>Ἕλληνας</em></strong></span> <span class='ocrx_word' id='word_1_193' title='bbox 377 2598 456 2676; x_wconf 83' lang='grc' dir='ltr'><strong><em>τούς</em></strong></span> <span class='ocrx_word' id='word_1_194' title='bbox 469 2601 706 2686; x_wconf 76' lang='grc' dir='ltr'><strong><em>μισθοφόρους</em></strong></span> <span class='ocrx_word' id='word_1_195' title='bbox 724 2599 870 2684; x_wconf 78' lang='grc' dir='ltr'><strong><em>ἥκοντας</em></strong></span> <span class='ocrx_word' id='word_1_196' title='bbox 889 2602 946 2668; x_wconf 78' lang='grc' dir='ltr'><strong><em>καί</em></strong></span> <span class='ocrx_word' id='word_1_197' title='bbox 960 2601 1041 2680; x_wconf 87' lang='grc' dir='ltr'><strong><em>τούς</em></strong></span> <span class='ocrx_word' id='word_1_198' title='bbox 1053 2608 1169 2670; x_wconf 86' lang='grc' dir='ltr'><strong><em>Λακε-</em></strong></span> 
     </span>
     <span class='ocr_line' id='line_1_26' title="bbox 206 2691 1207 2788; baseline 0.006 -22"><span class='ocrx_word' id='word_1_199' title='bbox 206 2691 392 2786; x_wconf 84' lang='grc' dir='ltr'><strong><em>δαιμονίων</em></strong></span> <span class='ocrx_word' id='word_1_200' title='bbox 406 2703 562 2785; x_wconf 86' lang='grc' dir='ltr'><strong><em>τρέσβεις</em></strong></span> <span class='ocrx_word' id='word_1_201' title='bbox 576 2704 612 2767; x_wconf 76' lang='grc' dir='ltr'><strong><em>οἳ</em></strong></span> <span class='ocrx_word' id='word_1_202' title='bbox 623 2699 714 2785; x_wconf 86' lang='grc' dir='ltr'><strong><em>παρά</em></strong></span> <span class='ocrx_word' id='word_1_203' title='bbox 725 2703 866 2785; x_wconf 78' lang='grc' dir='ltr'><strong><em>βασιλέα</em></strong></span> <span class='ocrx_word' id='word_1_204' title='bbox 880 2707 1030 2788; x_wconf 83' lang='grc' dir='ltr'><strong><em>Δαρείου</em></strong></span> <span class='ocrx_word' id='word_1_205' title='bbox 1046 2705 1165 2787; x_wconf 83' lang='grc' dir='ltr'><strong><em>ἐπρέσ-</em></strong></span> <span class='ocrx_word' id='word_1_206' title='bbox 1180 2729 1207 2772; x_wconf 80' lang='grc' dir='ltr'><strong><em>ιτ</em></strong></span> 
     </span>
     <span class='ocr_line' id='line_1_27' title="bbox 205 2801 1168 2888; baseline 0.003 -20"><span class='ocrx_word' id='word_1_207' title='bbox 205 2805 322 2886; x_wconf 87' lang='grc' dir='ltr'><strong><em>βευου,</em></strong></span> <span class='ocrx_word' id='word_1_208' title='bbox 334 2803 607 2884; x_wconf 84' lang='grc' dir='ltr'><strong><em>Καλλικρατίδαν</em></strong></span> <span class='ocrx_word' id='word_1_209' title='bbox 615 2805 715 2868; x_wconf 82' lang='grc' dir='ltr'><strong><em>τεκαὶ</em></strong></span> <span class='ocrx_word' id='word_1_210' title='bbox 723 2801 931 2869; x_wconf 84' lang='grc' dir='ltr'><strong><em>Παύσιππον</em></strong></span> <span class='ocrx_word' id='word_1_211' title='bbox 942 2803 999 2869; x_wconf 80' lang='grc' dir='ltr'><strong><em>καὶ</em></strong></span> <span class='ocrx_word' id='word_1_212' title='bbox 1009 2805 1168 2888; x_wconf 90' lang='grc' dir='ltr'><strong><em>Μόνιμον</em></strong></span> 
     </span>
     <span class='ocr_line' id='line_1_28' title="bbox 206 2901 1168 2988; baseline 0 -18"><span class='ocrx_word' id='word_1_213' title='bbox 206 2905 263 2970; x_wconf 80' lang='grc' dir='ltr'><strong><em>καί</em></strong></span> <span class='ocrx_word' id='word_1_214' title='bbox 281 2901 482 2988; x_wconf 82' lang='grc' dir='ltr'><strong><em>Ὀνόμαντα,</em></strong></span> <span class='ocrx_word' id='word_1_215' title='bbox 504 2905 562 2970; x_wconf 82' lang='grc' dir='ltr'><strong><em>καὶ</em></strong></span> <span class='ocrx_word' id='word_1_216' title='bbox 581 2901 769 2988; x_wconf 79' lang='grc' dir='ltr'><strong><em>Ἀθηναίων</em></strong></span> <span class='ocrx_word' id='word_1_217' title='bbox 790 2905 988 2988; x_wconf 81' lang='grc' dir='ltr'><strong><em>Δρωπίδην.</em></strong></span> <span class='ocrx_word' id='word_1_218' title='bbox 1025 2906 1168 2983; x_wconf 87' lang='grc' dir='ltr'><strong><em>τούτους</em></strong></span> 
     </span>
     <span class='ocr_line' id='line_1_29' title="bbox 205 2995 1167 3090; baseline 0.002 -20"><span class='ocrx_word' id='word_1_219' title='bbox 205 3006 268 3090; x_wconf 73' lang='grc' dir='ltr'><strong><em>μὲν</em></strong></span> <span class='ocrx_word' id='word_1_220' title='bbox 290 3003 331 3090; x_wconf 76' lang='grc' dir='ltr'><strong><em>δὴ</em></strong></span> <span class='ocrx_word' id='word_1_221' title='bbox 349 2995 528 3089; x_wconf 68' lang='grc' dir='ltr'><strong><em>ξυλλαβών</em></strong></span> <span class='ocrx_word' id='word_1_222' title='bbox 551 3005 589 3070; x_wconf 88' lang='grc' dir='ltr'><strong><em>έν</em></strong></span> <span class='ocrx_word' id='word_1_223' title='bbox 611 3007 749 3088; x_wconf 80' lang='grc' dir='ltr'><strong><em>φυλακῇ</em></strong></span> <span class='ocrx_word' id='word_1_224' title='bbox 772 2998 849 3087; x_wconf 76' lang='grc' dir='ltr'><strong><em>εἶχε.</em></strong></span> <span class='ocrx_word' id='word_1_225' title='bbox 887 3001 966 3082; x_wconf 85' lang='grc' dir='ltr'><strong><em>τούς</em></strong></span> <span class='ocrx_word' id='word_1_226' title='bbox 981 3006 1167 3072; x_wconf 86' lang='grc' dir='ltr'><strong><em>Σινωπέων</em></strong></span> 
     </span>
     <span class='ocr_line' id='line_1_30' title="bbox 206 3101 1168 3190; baseline 0 -20"><span class='ocrx_word' id='word_1_227' title='bbox 206 3106 244 3170; x_wconf 81' lang='grc' dir='ltr'><strong><em>δὲ</em></strong></span> <span class='ocrx_word' id='word_1_228' title='bbox 259 3104 402 3189; x_wconf 83' lang='grc' dir='ltr'><strong><em>άφῆκεν,</em></strong></span> <span class='ocrx_word' id='word_1_229' title='bbox 418 3103 470 3170; x_wconf 84' lang='grc' dir='ltr'><strong><em>ὅτι</em></strong></span> <span class='ocrx_word' id='word_1_230' title='bbox 486 3111 653 3180; x_wconf 79' lang='grc' dir='ltr'><strong><em>Σινωπεῖς</em></strong></span> <span class='ocrx_word' id='word_1_231' title='bbox 668 3101 748 3169; x_wconf 87' lang='grc' dir='ltr'><strong><em>ούτε</em></strong></span> <span class='ocrx_word' id='word_1_232' title='bbox 762 3109 825 3170; x_wconf 87' lang='grc' dir='ltr'><strong><em>τοῦ</em></strong></span> <span class='ocrx_word' id='word_1_233' title='bbox 839 3109 958 3170; x_wconf 84' lang='grc' dir='ltr'><strong><em>κοινοῦ</em></strong></span> <span class='ocrx_word' id='word_1_234' title='bbox 972 3109 1042 3171; x_wconf 76' lang='grc' dir='ltr'><strong><em>τοῖν</em></strong></span> <span class='ocrx_word' id='word_1_235' title='bbox 1051 3101 1168 3190; x_wconf 82' lang='grc' dir='ltr'><strong><em>Ἑλλή-</em></strong></span> 
     </span>
     <span class='ocr_line' id='line_1_31' title="bbox 206 3202 1236 3291; baseline 0.004 -19"><span class='ocrx_word' id='word_1_236' title='bbox 206 3230 278 3272; x_wconf 90' lang='grc' dir='ltr'><strong><em>νων</em></strong></span> <span class='ocrx_word' id='word_1_237' title='bbox 292 3215 457 3290; x_wconf 86' lang='grc' dir='ltr'><strong><em>μετείχον,</em></strong></span> <span class='ocrx_word' id='word_1_238' title='bbox 479 3202 547 3272; x_wconf 88' lang='grc' dir='ltr'><strong><em>ύπδ</em></strong></span> <span class='ocrx_word' id='word_1_239' title='bbox 565 3204 713 3288; x_wconf 87' lang='grc' dir='ltr'><strong><em>Πέρσαις</em></strong></span> <span class='ocrx_word' id='word_1_240' title='bbox 727 3229 763 3272; x_wconf 90' lang='grc' dir='ltr'><strong><em>τε</em></strong></span> <span class='ocrx_word' id='word_1_241' title='bbox 776 3207 973 3291; x_wconf 81' lang='grc' dir='ltr'><strong><em>τεταγμένοι</em></strong></span> <span class='ocrx_word' id='word_1_242' title='bbox 994 3204 1057 3272; x_wconf 87' lang='grc' dir='ltr'><strong><em>ούκ</em></strong></span> <span class='ocrx_word' id='word_1_243' title='bbox 1072 3203 1166 3274; x_wconf 88' lang='grc' dir='ltr'><strong><em>άπει-</em></strong></span> <span class='ocrx_word' id='word_1_244' title='bbox 1180 3233 1208 3276; x_wconf 80' lang='grc' dir='ltr'><strong><em>ιο</em></strong></span> <span class='ocrx_word' id='word_1_245' title='bbox 1232 3231 1236 3235; x_wconf 92' lang='grc'><strong><em>·</em></strong></span> 
     </span>
     <span class='ocr_line' id='line_1_32' title="bbox 206 3304 1167 3392; baseline -0.002 -20"><span class='ocrx_word' id='word_1_246' title='bbox 206 3306 289 3373; x_wconf 84' lang='grc' dir='ltr'><strong><em>κάτα</em></strong></span> <span class='ocrx_word' id='word_1_247' title='bbox 326 3316 436 3373; x_wconf 72' lang='grc' dir='ltr'><strong><em>ποιεῖν</em></strong></span> <span class='ocrx_word' id='word_1_248' title='bbox 476 3307 623 3373; x_wconf 79' lang='grc' dir='ltr'><strong><em>ἐδόκουν</em></strong></span> <span class='ocrx_word' id='word_1_249' title='bbox 664 3304 755 3392; x_wconf 85' lang='grc' dir='ltr'><strong><em>παρά</em></strong></span> <span class='ocrx_word' id='word_1_250' title='bbox 791 3304 852 3372; x_wconf 86' lang='grc' dir='ltr'><strong><em>τόν</em></strong></span> <span class='ocrx_word' id='word_1_251' title='bbox 889 3307 1030 3389; x_wconf 79' lang='grc' dir='ltr'><strong><em>βασιλέα</em></strong></span> <span class='ocrx_word' id='word_1_252' title='bbox 1067 3312 1167 3392; x_wconf 80' lang='grc' dir='ltr'><strong><em>σφων</em></strong></span> 
     </span>
    </p>

    <p class='ocr_par' dir='ltr' id='par_1_6' title="bbox 172 3404 1167 3497">
     <span class='ocr_line' id='line_1_33' title="bbox 172 3404 1167 3497; baseline 0.002 -25"><span class='ocrx_word' id='word_1_253' title='bbox 172 3407 463 3497; x_wconf 85' lang='grc' dir='ltr'><strong><em>οπρεσβεύοντες.</em></strong></span> <span class='ocrx_word' id='word_1_254' title='bbox 506 3405 616 3492; x_wconf 80' lang='grc' dir='ltr'><strong><em>άφῆκε</em></strong></span> <span class='ocrx_word' id='word_1_255' title='bbox 639 3407 676 3474; x_wconf 75' lang='grc' dir='ltr'><strong><em>δὲ</em></strong></span> <span class='ocrx_word' id='word_1_256' title='bbox 698 3405 755 3472; x_wconf 80' lang='grc' dir='ltr'><strong><em>καί</em></strong></span> <span class='ocrx_word' id='word_1_257' title='bbox 775 3409 845 3472; x_wconf 82' lang='grc' dir='ltr'><strong><em>τάν</em></strong></span> <span class='ocrx_word' id='word_1_258' title='bbox 865 3405 980 3472; x_wconf 76' lang='grc' dir='ltr'><strong><em>ἄλλων</em></strong></span> <span class='ocrx_word' id='word_1_259' title='bbox 995 3404 1167 3494; x_wconf 76' lang='grc' dir='ltr'><strong><em>Ἑλλήνων</em></strong></span> 
     </span>
    </p>
   </div>
   <div class='ocr_carea' id='block_1_3' title="bbox 0 0 1314 3924">
    <p class='ocr_par' dir='ltr' id='par_1_7' title="bbox 0 0 1314 3924">
     <span class='ocr_line' id='line_1_34' title="bbox 0 0 1314 3924; baseline 0 1"><span class='ocrx_word' id='word_1_260' title='bbox 0 0 1314 3924; x_wconf 95' lang='lat' dir='ltr'><strong><em> </em></strong></span> 
     </span>
    </p>
   </div>
  </div>
 </body>
</html>
