2572 3920
199 171 243 238 53
554 157 807 228 ειεβεοοεοπ

139 317 142 324 “
205 309 419 401 Τελμισσέων
437 311 589 399 ε’ντυχελν
606 305 988 402 παρθέυῳῦδρευομένη
1005 309 1062 378 καὶ
1080 307 1166 399 πρός

199 412 327 500 ταύτην
351 417 458 482 εἰπεῖν
481 407 573 493 ὅπως
595 415 631 479 ολ
650 409 688 480 τό
706 415 769 479 τοῦ
787 407 889 479 ἀετοῦ
908 415 999 498 ἔσχε·
1033 409 1097 497 την
1114 410 1164 497 δέ,

201 511 289 608 εἶναι
318 511 384 602 γῦρ
410 513 468 582 καὶ
490 511 600 600 αὐτὴν
624 518 685 580 τοῦ
709 515 871 600 μαντικοῦ
894 511 1033 597 γένους,
1064 509 1165 579 θύειν

199 620 356 684 κελεῦσαι
377 619 425 707 τῷ
450 614 509 684 Διὶ
531 619 579 706 τῷ
601 619 748 699 βασιλεῖ,
780 609 1010 680 ἐπανελθόντα
1034 617 1083 691 είς
1104 609 1165 679 τόν

199 715 305 784 τόπου
335 711 449 784 αὐτόν.
496 713 554 783 καί
585 717 749 801 δεηθῆναι
777 711 844 800 γὰρ
874 708 978 800 αὐτῆς
1009 711 1163 801 Γόρδιον,
1189 736 1205 778 ο

200 814 263 903 τὴν
286 821 417 886 θυσίαν
443 815 732 901 ξυνεπισπομένην
750 817 785 882 οἱ
800 810 908 900 αὐτὴν
927 812 1163 900 ἐξηγήσασθαι,

200 921 310 985 θῦσαί
336 943 372 984 τε
400 914 491 995 ὅπως
517 917 627 1001 ἐκείνη
650 913 831 983 ῦπετίθετο
855 912 916 984 τόν
940 911 1085 1002 Γόρδιον
1107 914 1165 982 καὶ

200 1016 423 1103 ξυγγενέσθαι
440 1016 496 1084 ἐπὶ
512 1014 609 1108 γάμῳ
625 1021 668 1105 τῇ
686 1015 779 1084 παιδί
796 1015 853 1084 καὶ
870 1015 1029 1102 γενέσθαι
1046 1008 1165 1083 αῦτοίν

165 1129 184 1181 δ
201 1121 307 1185 παίδα
320 1121 439 1187 Μίδαν
456 1115 573 1206 ὄνομα.
606 1114 672 1203 ἤδη
688 1143 724 1184 τε
741 1113 851 1205 ἄνδρα
869 1113 955 1184 εἶναι
971 1113 1031 1184 τόν
1045 1119 1165 1185 Μίδαν

200 1216 306 1286 καλόν
328 1217 385 1286 καί
408 1231 571 1303 γενναῖον
592 1217 648 1285 καὶ
673 1217 710 1284 έν
732 1213 841 1308 τούτῳ
865 1215 980 1285 στύσει
997 1215 1164 1298 πιέζεσθαι
1178 1240 1204 1282 ιο

201 1319 239 1386 ἐν
256 1324 352 1406 σφίσι
368 1317 448 1399 τοῦς
462 1317 613 1408 Φρύγας,
630 1317 687 1385 καὶ
704 1317 864 1405 γενέσθαι
880 1313 996 1396 αῦτολς
1013 1314 1164 1406 χρησμόν

201 1417 252 1487 ότι
276 1418 385 1508 ἅμαξα
408 1418 479 1500 ἄξει
502 1417 617 1498 αῦτοίς
634 1417 773 1504 βασιλέα
790 1418 846 1485 καὶ
863 1415 915 1486 ότι
932 1409 1030 1496 οῦτος
1047 1415 1163 1497 αῦτοίς

199 1516 406 1588 καταπαύσει
428 1515 490 1606 την
515 1517 641 1588 στάσιν.
679 1524 728 1588 ἔτι
752 1516 790 1586 δέ
808 1518 885 1607 περὶ
902 1511 1016 1586 αῦτῦν
1033 1516 1163 1587 τούτων

199 1619 456 1708 βουλευομένοις
474 1621 590 1688 ἐλθεῖν
606 1617 667 1688 τόν
681 1623 800 1689 Μίδαν
817 1616 905 1705 ὁμοῦ
922 1620 970 1711 τῷ
987 1618 1089 1708 πατρὶ
1106 1619 1162 1686 καί

198 1727 244 1810 τῇ
272 1721 373 1809 μητρὶ
401 1720 458 1788 καὶ
489 1722 661 1805 ἐπιστῆναι
683 1725 726 1810 τῇ
750 1721 908 1810 ἐκκλησίᾳ
931 1717 1018 1808 αῦτη
1042 1717 1161 1809 ἆμύξη.
1177 1743 1203 1785 ιι

164 1819 281 1901 στοῦς
309 1822 364 1908 δέ,
395 1819 624 1909 ξυμβαλόντας
648 1819 686 1888 τό
704 1835 863 1908 μαντεῖον
886 1825 1009 1889 τοῦτον
1033 1823 1163 1890 έκεῑυον

199 1927 328 2008 γνῶναι
351 1921 433 1992 ὄντα
456 1920 571 1991 ὅντινα
594 1919 716 2010 όὶθεός
735 1919 851 2002 αῦτοίς
869 1927 1009 2010 ἔφραζεν
1027 1920 1077 1990 ότι
1094 1920 1163 2004 ἄξει

198 2019 221 2110 ἡ
244 2020 366 2111 ἅμαξα·
406 2023 464 2120 καὶ
486 2028 688 2108 καταστῆσαι
709 2022 771 2110 μὲν
795 2020 920 2102 αῦτοῦς
943 2025 1080 2110 βασιλέα
1102 2020 1163 2092 τόν

200 2127 337 2209 Μίδαν,
368 2127 487 2193 Μίδαν
515 2122 554 2192 δὲ
580 2120 694 2202 αύτοίς
716 2121 779 2210 τὴν
802 2123 918 2192 στάσιν
940 2125 1161 2210 καταπαῦσαι,

199 2223 257 2291 καὶ
274 2222 336 2310 τὴν
354 2221 483 2310 ἅμαξαν
505 2227 568 2291 τοῦ
592 2220 718 2308 πατρός
743 2225 781 2293 ἐν
803 2230 846 2313 τῇ
870 2221 958 2315 ἄκρα
982 2221 1161 2292 οἶναθεῑναι
1174 2250 1201 2290 ιο

199 2323 393 2413 χαριστήρια
422 2328 470 2414 τῷ
494 2323 555 2394 Διὶ
578 2329 626 2414 τῷ
655 2330 787 2410 βασιλεῖ’
814 2325 869 2393 ἐπὶ
898 2331 959 2394 τοῦ
989 2323 1089 2394 ἀετοῦ
1119 2329 1161 2414 τῇ

199 2429 326 2513 πομπῇ.
353 2422 438 2514 πρός
453 2423 491 2492 δέ
504 2423 547 2511 δὴ
559 2423 689 2505 τούτοις
703 2425 759 2493 καὶ
771 2424 849 2494 τόδε
866 2425 943 2515 περὶ
960 2431 1018 2513 τῆς
1036 2423 1162 2514 ἁμάξης

200 2523 403 2612 ἐμυθεύετο,
430 2523 520 2605 ὅστις
546 2525 655 2594 λύσειε
677 2531 739 2595 τοῦ
763 2530 867 2612 ζυγοῦ
884 2531 943 2614 τῆς
959 2520 1085 2615 ἁμάξης
1101 2524 1162 2595 τόν

163 2624 343 2714 λδεσμόν,
370 2630 491 2694 τοῦτον
514 2631 635 2714 χρῆναι
658 2624 754 2714 ἄρξαι
775 2633 833 2715 τῆς
854 2625 975 2708 Ἀσίας.
1010 2616 1056 2714 ἦν
1079 2626 1118 2696 δέ
1141 2619 1160 2694 ό

199 2725 321 2814 δεσμός
352 2729 388 2798 ἐκ
417 2733 536 2814 φλοιοῦ
561 2733 718 2817 κρανείας
740 2728 797 2796 καὶ
820 2726 942 2796 τούτου
967 2725 1047 2796 ούτε
1069 2727 1161 2807 τέλος
1174 2751 1200 2794 ει

198 2824 278 2896 οῦτε
296 2824 381 2918 αἰρχη
400 2829 563 2915 ἐφαίνετο.
593 2823 811 2916 Ἀλέξανδρος
829 2827 866 2896 δέ
885 2824 930 2907 οός
948 2825 1081 2917 ἀπόροις
1098 2828 1162 2916 μέν

107 2933 109 2938 ’
198 2926 289 3016 εἶχεν
307 2930 456 3018 ἐξευρεῖν
470 2929 569 2998 λύσιν
581 2934 644 2997 τοῦ
656 2933 795 3016 δεσμοῦ,
813 2923 936 2996 ἄλυτον
950 2927 989 2996 δέ
1001 2933 1163 3016 περιιδεῖν

198 3023 263 3098 οῦκ
276 3028 392 3116 ἤθελε,
410 3029 456 3118 μή
468 3056 543 3098 τινα
556 3029 613 3097 καὶ
630 3034 731 3097 τοῦτο
750 3030 783 3108 ἐς
800 3025 881 3108 τοῦς
898 3026 1045 3108 πολλοῦς
1064 3037 1161 3115 κίνη·

198 3148 253 3198 σιν
271 3129 465 3219 ἐργάσηται,
495 3133 531 3198 οἱ
545 3128 609 3217 μὲν
626 3131 783 3214 λέγουσιν
800 3127 852 3198 ὅτι
869 3135 991 3210 παίσας
1008 3135 1055 3222 τῷ
1074 3132 1163 3218 ξίφει

198 3229 333 3311 διέκοψε
346 3229 407 3298 τόν
421 3227 547 3317 δεσμόν
561 3229 618 3297 καὶ
631 3229 793 3299 λελύσθαι
807 3235 885 3318 ἔφη·
910 3229 1162 3321 Ἀριστόβουλος
1174 3256 1201 3299 ιο

198 3328 237 3398 δέ
251 3332 337 3415 λέγει
351 3329 503 3412 έξελόντα
516 3329 575 3399 τόν
589 3333 709 3421 ἕστορα
722 3335 783 3399 τοῦ
802 3333 926 3420 ῥυμοῦ,
945 3328 983 3412 ὃς
1000 3323 1045 3419 ἦν
1062 3331 1162 3412 τύλος

198 3431 454 3519 διαβεβλημένος
474 3425 527 3500 διό
545 3437 607 3501 τοῦ
625 3435 738 3522 ῥυμοῦ
755 3431 916 3520 διαμπάξ,
935 3433 1085 3521 ξυνέχων
1101 3433 1163 3502 τόν
