2546 3920
455 180 684 262 mmm,
703 183 744 236 ιε.
1016 181 1079 247 285

107 336 128 408 ό
152 334 409 426 Ἀριστοβούλου
436 333 634 426 ἀνέγραψαν
648 333 743 406 ούδέ
765 363 813 418 τις
837 336 937 419 ἄλλος
962 337 1078 409 ὅντινα

112 437 229 507 ίκανδν
249 435 293 505 άν
310 463 359 518 τις
378 437 548 525 ποιήσαιτο
562 440 785 527 τεκμηριῶσαι
809 437 896 528 ύπὲρ
917 444 986 508 τῶν
1006 465 1078 508 τοι·

111 543 206 608 ὥνδε.
238 543 298 606 καί
310 563 366 626 μοι
379 535 425 618 οδς
441 534 482 606 ού
498 537 597 607 πιστά
611 535 872 627 ἀναγεγράφθαι
889 540 1076 627 ἐξήρκεσεν.

110 635 192 720 ἀλλ’,
212 640 324 708 ίκείνα
341 636 407 727 ήδη
422 637 666 734 Ἀριστοβούλῳ
692 637 853 730 ἑπόμενος
878 640 1073 731 ξυγγράφω,
1093 667 1110 716 3
1182 678 1184 683 ·

80 755 98 796 ³
110 742 216 807 θῦσαι
230 741 267 808 έν
281 743 460 830 Καρμανίᾳ
471 736 693 829 Ἀλέξανδρον
714 737 908 830 χαριστήρια
922 745 981 829 τής
998 739 1074 811 κατ’

108 835 228 908 Ἰνδῶν
253 846 350 927 νίκης
375 841 433 908 καὶ
458 837 548 930 ύπδρ
574 842 631 928 τῆς
651 843 817 929 στρατιάς,
845 839 895 910 ὅτι
912 839 1075 931 άπεσύθη

110 941 147 1008 ἐκ
174 944 394 1029 Γαδρωσίων,
419 941 477 1008 καὶ
503 939 620 1026 άγοῖνα
655 945 825 1011 διαθεῖναι
850 940 1015 1030 μουσικόν
1040 967 1077 1012 τε

109 1039 166 1108 καὶ
183 1039 364 1129 γυμνικόν·
399 1040 578 1122 κατατάξαι
595 1040 634 1110 δὲ
651 1043 709 1110 καὶ
727 1043 923 1112 Πευκέσταν
943 1045 978 1124 ές
995 1042 1076 1124 τούς

110 1138 414 1229 σωματοφύλακας,
431 1139 496 1229 ήδη
515 1141 577 1230 μὲν
599 1141 770 1228 ἐγνωκότα
784 1143 958 1231 σατράπην
971 1169 1076 1212 κατα-

68 1259 97 1299 10
110 1245 228 1328 στῆσαι
252 1247 311 1328 τής
338 1245 518 1330 Περσίδος,
547 1241 709 1312 ἐθέλοντα
733 1241 772 1312 δέ
789 1243 855 1331 πρὸ
872 1245 932 1332 τής
951 1263 1076 1331 σατρα-

110 1348 205 1422 πείας
226 1342 311 1430 μηδὲ
326 1342 450 1431 ταύτης
467 1347 527 1430 τῆς
543 1345 637 1431 τιμῆς
655 1343 713 1412 καὶ
730 1351 874 1424 πίστεως
892 1341 1077 1434 άπείρατον

110 1441 208 1530 εἶναι,
228 1444 347 1535 ίπὶτῷ
366 1445 403 1511 έν
417 1450 572 1524 Μαλλοῖς
587 1449 689 1536 ἔργῳ·
717 1441 804 1514 εἶναι
821 1443 860 1514 δὲ
877 1441 971 1538 αύτῷ
992 1443 1074 1514 ἑπτά
1093 1467 1111 1518 4

111 1549 160 1623 είς
177 1541 252 1612 τότε
266 1541 565 1632 σωματοφύλακας,
585 1541 941 1633 ΛεοννάτονἈντεόυ,Ι
955 1543 1077 1632 Ἡφαι-

111 1649 236 1724 στίωνα
267 1642 328 1713 τδν
352 1638 566 1734 Ἀμύντορος,
593 1653 793 1734 Λυσίμαχον
817 1639 1076 1734 Ἀγαθοκλέους,

70 1759 97 1802 ²⁵
107 1741 323 1833 Ἀριστόνουν
337 1750 512 1833 Πεισαίου,
530 1744 672 1825 τούτους
685 1745 748 1833 μέν
763 1753 966 1834 Πελλαίους,
986 1757 1077 1836 Περ·

111 1849 233 1914 δίκκαν
259 1843 297 1914 δὲ
312 1843 470 1934 Ὀρόντου
499 1848 536 1914 ἐκ
560 1849 619 1932 τής
638 1844 838 1935 Ὀρεστίδος,
865 1855 1077 1934 Πτολεμαῖον

37 2001 38 2004 ,
111 1945 150 2014 δὲ
175 1943 236 2014 τδν
263 1945 379 2033 Λάγου
411 1946 468 2014 καὶ
495 1952 658 2016 Πείθωνα
683 1945 841 2034 Κρατεύα
863 1943 1075 2044 Ἐορδαίους·

108 2043 231 2132 ὄγδοον
249 2045 288 2115 δὲ
305 2047 550 2136 προσγενέσθαι
567 2043 683 2125 αότοίς
696 2046 895 2118 Πευκέσταν
911 2045 1077 2118 τδυἈλε-

110 2144 257 2234 ξάνδρου
282 2143 569 2236 ὑπερασπίσαντα.

71 2267 99 2309 2⁰
185 2245 241 2317 Ἐν
272 2245 381 2339 τούτῳ
413 2246 452 2316 δὲ
483 2249 541 2316 καὶ
572 2249 726 2338 Νέαρχος
757 2246 982 2338 περιπλεύσας
1013 2247 1110 2336 τήνσ

99 2345 217 2436 Ὤρων
242 2373 279 2416 τε
304 2348 361 2416 καὶ
379 2353 585 2438 Γαδρωσίων
606 2353 673 2437 γήν
690 2349 748 2418 καὶ
764 2347 829 2436 τήν
842 2347 1078 2438 Ἰχθυοφάγων

109 2453 254 2538 κατήρεν
273 2451 307 2528 ἐς
323 2450 385 2534 τής
404 2456 602 2538 Καρμανίας
618 2449 660 2518 τδι
688 2447 774 2539 πρδς
791 2449 970 2522 θάλασσαν
997 2447 1078 2542 φάκι-

112 2549 233 2636 σμένα·
268 2553 371 2618 ἔνθεν
397 2548 436 2618 δὲ
459 2549 617 2618 άνελθοδν
644 2549 710 2618 σύν
728 2547 856 2637 ὀλίγοις
870 2547 1078 2643 Ἀλεξάνδρῳ

112 2647 292 2735 άπήγγειλε
317 2647 359 2716 τά
391 2645 477 2736 άμφὶ
508 2650 568 2718 τδν
593 2655 779 2739 περίπλουν
804 2649 866 2719 τδυ
892 2651 1078 2739 γενόμενον

71 2768 98 2810 ετ
113 2744 207 2840 αὐτῷ
224 2747 308 2817 κατά
324 2746 386 2836 τήν
404 2751 466 2831 ἔξω
482 2748 669 2828 θάλασσαν.
695 2751 818 2818 τοῦτον
835 2749 898 2838 μὲν
912 2749 954 2839 δή
973 2773 1111 2822 κατα-ο

112 2847 234 2936 πέμπει
260 2839 362 2928 αὖθις
390 2849 694 2938 ἐκπεριπλεύσοντα
721 2853 795 2918 ἔστε
820 2850 877 2919 ἐπὶ
901 2849 965 2938 τήν
984 2862 1078 2922 Σου-

114 2951 241 3018 σιανῶν
275 2975 311 3018 τε
345 2952 412 3038 γῆν
452 2949 509 3018 καὶ
540 2954 618 3043 τοῦΙ
643 2953 806 3039 Τίγρητος
838 2955 992 3040 ποταμοῦ
1018 2950 1078 3034 τάς

111 3049 270 3139 ἐκβολάς·
297 3047 388 3131 ὅπως
405 3049 445 3119 δὲ
462 3049 632 3138 ἐπλεύσθη
647 3047 742 3142 αὐτῷ
754 3049 796 3119 τά
810 3049 879 3120 άπδ
892 3057 954 3120 τοῦ
964 3052 1077 3122 Ἰνδοῦ

111 3153 263 3239 ποταμοῦ
298 3151 354 3221 ἐπὶ
378 3149 440 3238 τήν
465 3149 643 3220 θάλασσαν
667 3149 731 3238 τήν
758 3150 930 3241 Περσικήν
955 3153 1012 3222 καὶ
1037 3152 1075 3222 τδ

69 3284 97 3328 ω
111 3251 217 3340 στόμα
243 3255 305 3321 τού
335 3258 507 3342 Τίγρητος,
533 3257 640 3321 ταῦτα
659 3255 742 3343 ,ίδίςι-
764 3246 954 3343 άναγράύω
981 3251 1075 3346 αύτῷ

111 3352 256 3446 Νεάρχῳ
283 3351 456 3442 ἑπόμενος,
485 3349 531 3432 ός
556 3354 614 3422 καὶ
639 3351 741 3439 τήνδε
766 3351 853 3424 εἶναι
877 3351 965 3446 ύπδρ
980 3349 1076 3424 Ἀλε-
1152 3425 1155 3429 ,

109 3453 257 3545 ξάνδρου
279 3451 474 3543 Ἑλληνικήν
499 3452 728 3545 ξυγγραφήν..
746 3457 858 3554 ταῦτα
873 3453 942 3544 ’μέν
968 3453 1011 3542 δή
1039 3458 1076 3526 έν
