2632 3922
318 209 321 218 A
448 167 676 236 εαεεωειεε,
695 171 718 226 1
737 171 762 222 2
1024 169 1092 236 245
1165 201 1171 206 -

121 297 195 416 ἡΑ
197 331 347 414 ίγυπτία,
375 315 479 397 καί’
460 327 607 408 ακούσας
634 324 720 396 ῦτιό
737 325 907 416 Ἀκεσίνης
935 329 1091 417 ἐμβάλλει

100 436 171 509 εἰς
197 427 256 497 τόν
271 426 392 514 Ἰνδόν,
422 430 535 520 ἔδοξεν
563 429 775 516 ἐξευρηκέναι
799 435 861 498 τοῦ
881 437 1010 500 Νείλου
1028 429 1088 512 τάς

122 524 244 616 ἀρχάς,
278 522 324 609 οἷς
357 527 419 596 τόν
446 536 574 598 Νεῖλον
607 531 747 598 ἐνθένδε
773 529 881 599 ποθεν
914 531 946 612 ἐξ
965 527 1122 600 Ἰνδῦνυ

13 671 15 682 »
122 627 304 718 ἀνίσχοντα
330 628 387 697 καί
414 623 460 698 δι’
490 629 615 719 ἐρήμου
642 635 768 717 πολλῆς
794 636 857 717 γῆς
884 631 1004 719 ῥέοντα
1030 632 1087 700 καὶ

95 729 228 819 εταύτη
248 728 461 799 ἀπολλύοντα
477 728 538 800 τόν
552 729 658 800 Ἰνδδν
675 730 713 800 τό
732 729 850 820 ὄνομα,
874 736 985 800 ἔπειτα
1002 729 1087 800 ὁπό·

120 841 187 900 θεν
204 830 340 920 ἀργεται
365 829 421 900 διά
446 837 505 918 τῆς
523 835 721 920 οἰκουμένης
739 829 849 920 χωρας
869 834 943 922 ῥεῖν
961 840 1089 902 Νείλου

118 929 186 1019 ἤδη
212 929 297 1021 πρός
315 932 495 1002 Αἰθιόπων
520 959 557 1001 τε
582 935 651 1002 τόν
679 933 785 1022 ταύτη
812 933 870 1000 καὶ
888 939 1088 1019 Αἰγυπτίων

121 1031 348 1120 καλούμενον,
383 1031 428 1113 ἀς
451 1029 595 1123 Ὅμηρος
628 1036 785 1122 ἐποίησεν
819 1031 1001 1122 ἐπώνυμον
1029 1038 1088 1120 τῆς

14 1120 28 1136 ’
121 1131 300 1218 Αἰγύπτου
315 1143 501 1221 Αἴγυπτον,
528 1133 617 1203 οῦτω
643 1132 686 1221 δὴ
715 1133 939 1203 ἐκδιδόντα
967 1137 1000 1214 ἐς
1025 1133 1088 1220 τὴν

79 1264 107 1306 10
125 1231 219 1314 ἐντός
244 1232 431 1304 δάλασσαν.
475 1237 531 1303 καὶ
554 1233 595 1320 δὴ
622 1233 781 1323 καὶπρὸς
800 1231 1121 1322 τὴνὈλυμπιάδα4

119 1333 293 1423 γράφοντα
319 1333 408 1425 ύπέρ
426 1340 495 1404 τάν
509 1332 628 1406 Ἰνδῶν
646 1340 705 1422 τῆς
723 1341 784 1422 γῆς
803 1333 889 1403 ἀλλα
908 1360 943 1404 τε
960 1333 1089 1422 γράναι

119 1436 177 1504 καί
203 1433 252 1504 ότι
278 1440 393 1522 δοκοίη
420 1434 515 1528 αύτῷ
542 1437 759 1526 ἐξευρηκέναι
783 1439 848 1504 τοῦ
875 1441 1002 1506 Νείλου
1028 1434 1088 1516 τάς

120 1534 241 1624 πηγός,
267 1551 397 1627 μικροῖς
415 1535 458 1622 δή
474 1559 539 1606 τισι
563 1538 620 1606 καί
637 1535 781 1626 φαύλοις
799 1533 887 1624 ύπδρ
907 1541 977 1604 τῷν
995 1545 1087 1624 τηλι-

120 1635 253 1706 κούτων
286 1635 553 1727 τεκμαιρόμενον.
600 1640 673 1707 ἐπεὶ
706 1638 821 1726 μέντοι
849 1636 1087 1726 ἀτρεκέστερον
1105 1653 1136 1700 ει

82 1769 108 1810 15
126 1737 275 1824 ἐξήλεγξε
301 1736 342 1806 τά
369 1735 458 1826 ἀμφὶ
484 1743 532 1829 τῷ
560 1745 700 1830 ποταμῷ
727 1744 776 1830 τῷ
792 1733 902 1828 Ἰνδῷ,
930 1737 1018 1806 οὕτω
1045 1735 1087 1824 δὴ

121 1849 246 1927 μαθείν
273 1836 364 1929 παρά
390 1844 460 1908 νοῦν
488 1841 674 1927 ἐπιχωρίων
697 1838 757 1908 τόν
773 1839 835 1926 μὲν
851 1833 1019 1924 ’Τδάσπην
1038 1843 1087 1928 τῷ

119 1937 286 2031 Ἀκεσίνῃ,
305 1938 366 2009 τὸυ
381 1937 556 2027 Ἀκεσίνην
574 1939 611 2008 δέ
625 1942 672 2030 τῷ
686 1934 780 2029 Ἰνδῷ
795 1939 833 2008 τό
846 1965 881 2008 τε
894 1937 988 2026 ὕδωρ
1003 1939 1085 2025 ξυμ-

122 2040 306 2130 βάλλοντας
324 2041 382 2110 καί
399 2046 447 2136 τῷ
463 2037 600 2128 ὀνόματι
617 2043 890 2129 ξυγχωροῦντας,
908 2037 970 2107 τόν
979 2036 1089 2108 Ἰνδόν

123 2140 161 2210 δὲ
189 2141 362 2211 ἐκδιδόντα
388 2139 453 2228 ἤδη
481 2143 515 2222 ἐς
540 2141 601 2229 τὴν
630 2140 779 2229 μεγάλην
805 2139 1000 2225 θάλασσαν,
1033 2143 1090 2208 δί-

82 2278 109 2318 εο
123 2263 248 2331 στομον
265 2239 445 2313 τδνἸνδόν
463 2240 556 2330 ὄντα,
575 2239 678 2311 ούδέν
695 2269 726 2310 τι
739 2239 830 2334 αύτῷ
849 2242 1018 2330 προσῆκον
1031 2243 1089 2326 τῆς
1143 2287 1149 2304 .

121 2347 182 2432 γῆς
199 2345 257 2432 τῆς
275 2349 479 2432 Αἰγυπτίας,
503 2345 685 2432 τηνικαῦτα
703 2341 741 2411 δέ
758 2347 816 2428 τῆς
837 2345 1010 2428 ἐπιστολῆς
1030 2343 1089 2427 τῆς

122 2443 208 2534 πρός
234 2443 297 2533 τήν
323 2445 448 2536 μητέρα
466 2447 567 2514 τοῦτο
594 2441 614 2513 δ
632 2439 721 2532 ἀμφὶ
738 2445 785 2534 τῷ
806 2449 921 2536 Νείλῳ
941 2449 1089 2532 ἔγραφεν

13 2541 16 2682 Ι
124 2543 271 2634 ἀφελεῖν.
318 2548 375 2615 καί
402 2544 462 2615 τόν
488 2544 682 2614 κατάπλουν
707 2543 766 2614 τὸν
783 2542 867 2612 κατά
884 2543 964 2624 ποῦς
983 2564 1124 2613 ποια-6

13 2691 15 2700 ‚
124 2645 210 2734 μυός
241 2652 313 2715 έστε
340 2647 396 2715 ἐπὶ
421 2673 483 2735 την
509 2645 658 2734 μεγάλην
684 2643 861 2714 θάλασσαν
889 2646 1091 2713 ἐπινοοῦντα

85 2749 452 2837 ρεπυρασκευασθῆναί
475 2750 511 2815 οί
535 2747 590 2815 ἐπὶ
617 2749 703 2842 τῷδε
729 2746 885 2813 κελεῦσαι
911 2742 969 2822 τάς
995 2743 1091 2821 ναῦς.

125 2852 164 2916 αί
187 2845 222 2916 δ’
241 2847 422 2936 ὑπηρεσίαι
439 2844 531 2938 αύτῷ
517 2845 637 2927 ἐς
600 2872 661 2926 τας
679 2847 763 2924 ναῦς
782 2841 1092 2931 ξυνεπληρώθησαν

127 2951 164 3016 ἐκ
182 2952 251 3018 τῷν
271 2947 510 3036 ξυνεπομένων
531 2973 573 3037 τη
594 2950 731 3037 στρατιᾷ
747 2951 917 3016 Φοινίκων
938 2941 995 3011 καί
1015 2951 1091 3012 Κυ-

125 3055 235 3139 πρίων
262 3051 319 3118 καλ
346 3053 473 3137 Καρεόν
499 3047 632 3116 καίἰ
583 3053 632 3118 Αἰ
630 3052 792 3133 γυπτίων.

13 3159 16 3274 η
71 3175 75 3182 ’
198 3149 254 3221 Ἐν
280 3149 318 3219 δὲ
343 3150 455 3242 τούτῷ
474 3157 598 3229 Κοῖνος
623 3149 698 3235 μέν,
725 3149 858 3228 ἐντοῖς
886 3142 1128 3224 πιστστάτοις2

13 3283 15 3344 ι
85 3247 330 3342 ωἈλεξάνδρφ
364 3246 413 3320 ἀν
444 3253 513 3324 τῶν
540 3250 692 3337 ἐναίρων,
720 3248 811 3341 νόσῷ
837 3247 993 3338 τελευτᾷ·
1033 3245 1091 3314 καὶ

13 3349 15 3424 λ
126 3354 247 3420 τοῦτον
281 3349 404 3420 θάπτει
436 3352 473 3419 ἐκ
504 3352 573 3420 τῷν
606 3348 787 3439 παρόντων
820 3351 1090 3436 μεγαλοπρεποῦς.

13 3499 14 3536 ;
127 3449 227 3531 αὐτὸς
260 3450 298 3520 δὲ
330 3448 532 3539 ξυναγαγών
563 3449 643 3531 τούς
675 3475 711 3520 τε
745 3450 899 3540 ἑταίρους
931 3449 987 3517 καὶ
1020 3443 1093 3514 ὅσοι
