2620 3924
194 137 254 201 158
544 132 795 188 εαεαεααεου

196 294 325 364 ίππέων
350 291 431 372 τοῦς
457 289 592 372 τοξότας
618 290 674 359 καὶ
700 290 779 370 τοῦς
803 284 980 378 Ἀγριᾶυας
1013 290 1069 358 καὶ
1099 294 1159 378 τῆς

194 395 366 483 φάλαγγος
378 394 458 471 τοῦς
476 390 707 478 κουφοτάτους
726 388 780 480 ᾔει
798 384 843 470 ὥς
862 391 917 459 ἐπὶ
933 389 1158 478 Μαράκανδα,

194 503 251 566 ινα
284 492 462 581 ἐπανήκειν
490 493 704 613 Σπιταμένην
737 490 947 561 ἐπυνθάνετο
973 492 1031 558 καὶ
1057 482 1159 571 αὖθις

161 604 402 684 σκολιορκείν
410 591 488 672 τοῦς
516 595 553 662 ἐν
578 597 620 680 τῇ
648 591 745 681 ἄκρα.
796 592 853 660 καὶ
888 588 991 671 αύτδς
1024 590 1138 678 μὲν’
1122 619 1159 660 εν

195 689 357 784 τρισίν
337 695 475 783 ημέραις
507 690 655 762 διελθών
680 699 808 779 χιλίους
834 694 891 761 καὶ
917 699 1189 772 πεντακοσίουςσ

195 801 354 876 σταδίους
380 799 421 884 τῇ
439 792 578 882 τετάρτῃ
596 790 665 862 ύπδ
683 791 745 879 τὴν
763 794 808 861 ἕω
827 795 975 880 προσῆγε
992 797 1035 881 τῇ
1054 791 1157 862 πόλει.

196 895 407 984 Σπιταμένης
434 893 472 962 δὲ
497 893 554 962 καὶ
579 899 616 964 οί
640 891 722 980 ἄμφ’
750 891 875 979 αύτόν,
903 891 1158 981 ῦςέξηγγέλθη

195 996 376 1086 προσάγων
390 993 623 1084 Ἀλέξανδρος,
644 992 709 1064 οῦκ
729 1000 881 1082 ἔμειναν,
906 992 981 1063 ἀλλ’
1002 993 1158 1062 ἐκλιπόν-

162 1119 248 1178 στες
274 1097 336 1184 τὴν
361 1096 459 1166 πόλιν
489 1093 688 1181 φεύγουσιν.
741 1092 759 1164 ὁ
793 1094 832 1164 δὲ
858 1092 1014 1182 ἐχόμενος
1045 1089 1159 1163 αῦτῦν

197 1201 350 1270 ἐδίωκεν·
392 1191 436 1278 ῦς
470 1194 509 1264 δὲ
542 1195 597 1265 ἐπὶ
623 1193 683 1263 τόν
709 1197 821 1284 γῦρον
846 1189 929 1281 ἧκεν
956 1187 998 1263 οῦ
1024 1190 1045 1280 ἡ
1071 1195 1159 1282 μάχη
1175 1217 1201 1260 ιο

197 1301 339 1386 ἐγένετο,
365 1297 481 1386 θάψας
498 1296 578 1376 τοῦς
605 1293 818 1391 στρατιώτας,
832 1299 868 1365 ἐκ
893 1298 963 1374 τῶν
984 1294 1160 1381 παρόντων

196 1407 307 1470 εἵπετο
352 1403 425 1468 ἐστε
470 1396 526 1466 ἐπὶ
571 1394 633 1482 τὴν
679 1402 803 1484 ἔρημον
847 1412 918 1476 τοῖς
954 1395 1159 1484 φεύγουσιν.

198 1505 329 1571 ἐκεῖθεν
368 1495 400 1567 δ’
443 1495 665 1586 ἀναστρέφων
697 1494 832 1583 ἐπόρθει
864 1495 927 1582 τὴν
958 1497 1071 1585 χώραν
1104 1497 1161 1565 καὶ

196 1601 275 1680 τοῦς
304 1603 337 1680 ἐς
355 1597 394 1668 τά
415 1597 564 1687 ἐρύματα
581 1596 877 1684 καταπεφευγότας
894 1601 963 1665 τῶν
980 1596 1161 1684 βαρβάρων

197 1708 357 1788 ἔκτεινεν,
384 1697 435 1768 ὅτι
459 1698 699 1780 ξυνεπιθέσθαι
725 1691 960 1784 ἐξηγγέλλοντο
986 1699 1041 1766 καὶ
1064 1695 1202 1767 αύτολίε

196 1817 266 1882 τοῖς
285 1799 474 1870 Μακεδόσι·
503 1799 560 1868 καὶ
579 1800 705 1886 ἐπῆλθε
723 1803 836 1867 πᾶσαν
852 1796 914 1885 τὴν
940 1797 1053 1887 χάραν
1079 1796 1162 1886 ὅσην

163 1901 216 1972 οῦ
242 1899 390 1989 ποταμός
416 1894 685 1988 όΠολυτίμητος
713 1897 868 1986 ἐπάρδων
887 1899 1064 1987 ἐπέρχεται.
1105 1905 1162 1968 ἵνα

197 2003 235 2073 δὲ
261 1997 453 2089 άφανιζεται
479 2005 526 2092 τῷ
553 2001 690 2090 ποταμῷ
716 1997 755 2068 τῦ
782 1997 890 2088 ύδωρ,
918 2001 1079 2070 ἐντεῦθεν
1098 1999 1162 2088 ἤδη

196 2101 233 2172 τῦ
263 2100 316 2172 ἐπ’
345 2104 456 2170 ἐκεῖνα
490 2106 612 2189 ἔρημος
637 2097 658 2185 ἡ
690 2098 783 2188 χύρα
811 2101 916 2168 ἐστίν·
969 2096 1162 2189 άφανιζεται

198 2205 253 2289 δέ,
288 2209 408 2288 καίπερ
440 2205 568 2270 πολλοῦ
602 2196 651 2268 ῦν
676 2195 819 2286 ὕδατος,
855 2202 889 2280 ἐς
919 2199 981 2288 τὴν
1013 2202 1159 2290 ψάμμου.
1175 2225 1202 2266 ιο

197 2305 253 2373 καὶ
280 2301 375 2372 ἄλλοι
401 2297 586 2389 ποταμοὶ
562 2299 722 2380 ωσαύτως
740 2300 844 2370 ἐκεῐ’
825 2329 917 2388 αφαν
919 2307 1040 2384 ίζονται
1057 2303 1163 2391 μεγά

198 2414 248 2474 λοι
273 2399 374 2472 καὶ’
356 2401 482 2488 αέναοι,
509 2399 581 2470 ὅτε
597 2397 813 2489 Ἔπαρδος,
796 2429 833 2482 ος
851 2403 917 2490 ῥέει
935 2401 991 2471 διά
1010 2403 1163 2492 Μάρδων

197 2510 255 2590 τῆς
293 2500 422 2592 χώρας,
461 2500 553 2570 καὶ”
546 2514 684 2589 Αρειος,
723 2501 804 2572 ὅταν
838 2502 1013 2627 ἐπωνυμος
1046 2499 1163 2592 ἡτῦν

195 2600 332 2692 Ἀρείων
358 2609 400 2690 γῆ
427 2605 506 2688 ἐστι,
532 2603 588 2670 καὶ
611 2600 898 2692 Ἐτύμανδρος,“
878 2631 915 2684 ος
940 2603 986 2673 δι’
1014 2605 1163 2695 Εύεργε-

166 2710 265 2774 ιτῦυ
299 2704 373 2793 ῥέει.
432 2704 488 2770 και
528 2701 593 2772 εἰσὶ
630 2702 817 2790 ξύμπαντες
852 2697 946 2773 οῦτοι
978 2711 1162 2793 τηλικοῦτοι
1175 2728 1202 2768 ιε

198 2806 342 2892 ποταμοὶ
376 2801 459 2874 ω”στε
485 2798 601 2883 ούδελς
627 2798 742 2874 αῦτῦν
767 2811 872 2892 μείων
900 2806 971 2874 ἐστὶ
997 2812 1060 2876 τοῦ
1077 2805 1163 2893 ΧΠη-

199 2911 290 2975 νειοῦ
307 2910 368 2974 τοῦ
388 2910 594 2975 Θεσσαλικοῦ
612 2908 776 2994 ποταμοῦ,
802 2902 839 2986 δς
858 2904 912 2973 διά
930 2911 1000 2975 τῶν
1022 2910 1164 2996 Τεμπῶν

200 3008 287 3095 ῥέωυ
312 3008 440 3074 ἐκδιδοῖ
454 3008 487 3084 ἐς
502 3004 695 3073 θάλασσαν·
728 3002 745 3074 ὁ
768 3005 805 3074 δὲ
823 3012 1055 3096 Πολυτίμητος
1074 3005 1161 3076 πολύ

201 3113 246 3176 ἔτι
272 3113 391 3194 μείζων
418 3101 438 3190 ἢ
464 3103 547 3173 κατά
573 3104 635 3172 τόν
661 3105 808 3193 Πηνειὸν
833 3109 985 3196 ποταμόν
1012 3111 1089 3178 ἐστι.

164 3218 182 3281 7
281 3211 394 3276 Ταῦτα
413 3203 451 3272 δὲ
475 3203 740 3293 διαπραξάμενος
759 3209 792 3288 ἐς
811 3217 990 3296 Ζαρίασπα
1008 3209 1201 3297 άφίκετο·,ιο

200 3307 256 3375 καὶ
274 3305 381 3376 αῦτοῦ
401 3306 579 3395 κατέμενευ
598 3312 672 3376 ἐστε
685 3317 870 3396 παρελθεῖν
887 3309 925 3378 τὸ
944 3307 1088 3398 άκμαϊον
1101 3313 1162 3380 τοῦ

200 3413 374 3495 χειμῶνος.
415 3408 452 3474 ἐν
494 3407 602 3500 τούτῳ
647 3409 686 3478 δὲ
730 3407 892 3497 ἐφίκοντο
931 3408 1013 3500 παρ’
1057 3409 1164 3482 αύτδν
