2620 3924
465 152 650 206 Amnum
668 158 696 213 3,
715 155 758 206 λδ.
1030 153 1093 218 139

133 291 343 378 Βαρσαέντης
358 291 411 377 δέ,
435 290 472 370 δς
492 293 568 359 τότε
587 303 720 377 κατεῖχε
733 292 796 378 τῆν
818 293 949 379 χώραν,
974 285 1021 370 εἷς
1043 293 1094 360 τόν

131 399 197 461 τών
217 392 492 478 ξυνεπιθεμένων
514 395 649 476 Δαρείῳ
666 395 705 459 έν
719 399 760 480 τῆ
776 399 884 481 φνγῆ
907 397 1094 479 προσιόντα

127 495 356 594 Ἀλέξανδρον
372 490 493 577 μαθών
524 491 558 570 ές
581 491 709 570 Ἰνδους
736 488 814 570 τούς
842 495 897 562 ἐπὶ
924 495 1004 562 τάδε
1031 499 1094 562 τοῦ

124 595 234 662 Ἰνδοῦ
262 600 416 680 ποταμοῦ
443 597 557 678 ἔφυγε.
604 581 829 679 ξυλλαβόντες
858 596 895 661 δέ
930 593 1034 661 αὐτόν
1061 596 1097 661 οί

101 695 224 764 τἸνδολ
239 718 308 781 παρ
311 694 553 780 ’Ἀλέξανδρον
568 689 785 762 ἀπέστειλαν·
810 695 867 762 καὶ
882 694 1093 780 ἀποθνήσκει

64 851 68 858 .
126 795 213 881 πρὸς
231 796 453 880 Ἀλεξάνδρου
475 799 534 881 τῆς
556 797 591 874 ἐς
611 802 762 880 Δαρεῖον
784 796 917 874 ἀδικίας
937 795 1048 862 ἕνεκα.

209 896 376 964 Ἐνταῦθα
393 898 449 962 καί
470 895 533 981 τῆν
549 897 684 962 Φιλώτα
707 897 894 982 ἐπιβουλὴν
915 901 978 964 τοῦ
993 903 1092 980 Παρ-
1101 909 1144 975 26

126 1002 293 1085 μενίωνος
312 1001 440 1083 ἔμαθεν
459 997 685 1082 Ἀλέξανδρος,
709 999 766 1064 καλ
781 998 871 1081 λέγει
886 1003 1094 1082 Πτολεμαῖος

126 1103 185 1165 καλ
210 1097 467 1184 Ἀριστόβουλος
495 1098 547 1164 δτι
574 1099 852 1184 προηγγελμένην
884 1098 950 1184 ἤδη
977 1099 1013 1164 οί
1037 1100 1093 1164 καλ

88 1229 113 1270 ιο
127 1201 297 1284 πρότερον
321 1201 360 1265 ἐν
381 1199 562 1284 Αίγύπτφ,
585 1199 628 1264 οδ
649 1201 764 1283 μέντοι
785 1200 887 1284 πιστῆ
914 1221 954 1282 γε
982 1200 1093 1284 ἐφάνη

125 1307 187 1387 τῆς
215 1323 251 1366 τε
279 1303 394 1385 φιλίας
422 1305 481 1384 τῆς
503 1299 607 1366 πάλαι
630 1301 743 1366 ε’ίνεκα
772 1301 828 1366 καλ
849 1303 907 1384 τῆς
930 1300 964 1374 ἐξ
987 1298 1093 1365 αὐτοῦ

127 1405 164 1480 ἐς
179 1402 419 1488 ,Παρμενίωνά
446 1425 483 1467 τε
510 1399 570 1468 τὸν
596 1401 724 1483 πατέρα
751 1399 812 1466 τόν
836 1401 971 1467 Φιλώτα
998 1405 1094 1485 τιμῆς

127 1505 186 1569 καλ
214 1504 249 1581 ἐς
270 1501 376 1568 αὐτόν
400 1503 558 1569 Φιλώταν
584 1505 737 1578 πίστεως.
781 1505 991 1588 Πτολεμαῖος
1013 1501 1051 1566 δέ
1073 1499 1126 1575 62

127 1603 246 1687 Λάγον
273 1603 363 1686 λέγει
394 1605 593 1688 εἰσαχθῆναι
625 1604 659 1679 ἐς
685 1603 889 1680 Μακεδόνας
917 1603 1091 1669 Φιλώταν·

88 1733 116 1774 ιε
129 1706 186 1771 καλ
214 1709 441 1790 κατηγορῆσαι
468 1704 531 1790 μὲν
559 1701 665 1770 αὐτοῦ
692 1705 837 1789 ίσχυρώς
862 1702 1093 1788 Ἀλέξανδρον,

129 1803 410 1891 ἀπολογήσασθαι
432 1805 469 1872 δὲ
497 1803 602 1871 αὐτόν
630 1804 803 1870 Φιλώταν·
838 1805 895 1869 καὶ
916 1803 997 1882 τούς
1019 1807 1094 1870 ἐπι-

129 1903 279 1992 μηνντάς
300 1910 362 1972 τοῦ
383 1909 485 1990 ἔργον
501 1906 735 1990 παρελθόντας
755 1905 920 1988 ἐξελέγξαι
936 1905 1094 1970 Φιλώταν

128 2031 166 2073 τε
198 2005 255 2072 καλ
288 2000 368 2084 τοὺς
400 2005 484 2091 ἀμφ’
513 2002 618 2072 αὐτόν
645 2003 761 2082 ἀλλοις
790 2029 827 2071 τε
855 2005 1003 2089 ἐλέγχοις
1029 2004 1094 2071 οὐκ

128 2106 276 2192 ἀφανέσι
298 2106 354 2172 καλ
376 2109 519 2191 μάλιστα
545 2105 585 2191 δῆ
610 2105 662 2173 δτι
685 2102 785 2183 αὐτὸς
807 2108 961 2184 Φιλώτας
985 2107 1093 2172 πεπύ-

90 2237 117 2278 ιο
130 2216 213 2275 σθαι
235 2207 297 2294 μὲν
320 2209 507 2292 ἐπιβουλήν
527 2231 602 2274 τινα
614 2207 821 2295 Ἀλεξάνδρῳ
842 2213 1094 2294 παρασκευαζο-

128 2311 234 2396 μένην
257 2307 406 2394 σννέφη,
431 2309 622 2394 ἐξηλέγχετο
636 2310 674 2374 δέ
690 2311 948 2396 κατασιωπήσας
967 2310 1094 2396 ταύτην

129 2409 214 2495 πρὸς
226 2410 462 2494 Ἀλέξανδρον,
478 2413 587 2475 καίτοι
602 2408 654 2486 δλς
670 2411 725 2476 ἐπλ
740 2409 802 2496 τῆν
817 2409 948 2495 σκηνῆν
970 2406 1093 2496 ὁσημέ-

131 2536 188 2596 ραι
202 2511 264 2594 τῆν
276 2509 498 2594 Ἀλεξάνδρου
510 2515 650 2592 φοιτών.
675 2512 731 2576 καὶ
745 2512 903 2578 Φιλώταν
914 2513 977 2596 μὲν
988 2535 1093 2576 κατα·
1111 2532 1129 2582 ³

129 2616 355 2697 κοντισθῆναι
377 2609 462 2695 πρὸς
483 2615 553 2676 τών
576 2612 791 2677 Μακεδόνων
813 2615 869 2677 καλ
893 2609 968 2678 ὅσοι
997 2611 1094 2678 ἀλλοι

90 2741 117 2784 ιε
130 2714 291 2796 μετέσχον
310 2709 402 2798 αὐτῷ
422 2716 483 2795 τῆς
505 2713 702 2794 ἐπιβουλῆς·
730 2711 786 2776 ἐπλ
806 2715 1034 2796 Παρμενίωνα
1056 2715 1095 2780 δὲ

130 2817 294 2898 σταλῆναι
321 2813 592 2897 Πολυδάμαντα,
621 2812 682 2876 ένα
708 2815 777 2877 τών
799 2813 958 2896 ἑταίρων,
986 2814 1094 2899 γράμ-

129 2938 218 3000 ματα
240 2915 387 3038 φέροντα
403 2912 483 2999 παρ’
506 2912 728 2995 Ἀλεξάνδρου
750 2911 834 2997 πρὸς
855 2911 936 2990 τοάς
954 2930 1093 3000 στρατη-

129 3013 212 3098 γούς
232 3014 312 3094 τοάς
335 3017 374 3082 ἐν
395 3016 529 3140 Μηδία,
559 3015 758 3098 Κλέανδρόν
784 3037 821 3080 τε
843 3013 900 3080 κοιλ
922 3015 1094 3100 Σιτάλκην

131 3117 187 3182 καλ
212 3119 384 3182 Μενίδαν·
415 3109 510 3182 οὗτοι
531 3114 597 3201 γάρ
621 3116 677 3183 ἐπὶ
698 3119 757 3200 τῆς
773 3120 932 3202 στρατιάς
945 3107 987 3200 ῆς
1000 3121 1093 3200 Παρ-

91 3207 305 3302 ωμενίων
284 3239 366 3303 ηρχε
395 3210 641 3302 τεταγμένοι
618 3237 723 3302 ησαν·
758 3219 815 3283 καλ
841 3215 927 3302 πρός
963 3216 1128 3284 τούτωνλ

130 3315 319 3384 ἀποθανεῖν
341 3319 586 3402 Παρμενίωνα,
613 3315 717 3401 τυχόν
743 3316 854 3402 μέν”
833 3341 898 3384 οτι
908 3316 951 3385 οὐ
972 3315 1093 3384 πιστόν

131 3416 244 3485 ἐδόκει
260 3414 347 3484 εἶναι
365 3416 581 3502 Ἀλέξανδρος
597 3419 731 3484 Φιλώτα
751 3420 1033 3503 ἐπιβουλεύοντος
1047 3415 1091 3503 μῆ
