2572 3920
436 171 621 223 ΑΝΑΒΔΣΙΣ
639 176 664 237 1,
682 174 724 224 24.
1029 174 1073 240 45

101 309 215 399 πάσης
251 309 473 400 σατραπεύειν
510 313 624 393 ἔταξεν
646 310 771 399 Ἄδαν,
808 315 980 404 θυγατέρα
1010 315 1073 402 μὲν
1116 333 1122 354 ’

97 410 327 500 Ἑκατόμνου,
355 426 502 498 γυναῖκα
527 412 565 481 δὲ
586 411 749 499 Ἱδριέως,
782 409 820 493 ὃς
844 417 901 483 καὶ
919 413 1073 504 άδελφδς

103 511 196 602 αὕτη
224 509 273 581 ῶν
297 511 381 581 κατά
406 511 511 600 νόμον
534 519 602 582 τῶν
627 519 755 603 Καρῶν
779 514 930 606 ξυνῶκει.
973 516 1029 583 καί
1054 513 1071 584 ὁ

102 614 168 702 μὲν
182 611 324 703 Ἰδριεδς
340 619 507 683 τελευτῶν
524 613 628 703 ταύτη
648 615 809 704 ἐπέτρεψε
825 613 866 683 τά
883 601 1073 704 πράγματά,

75 717 347 804 ενενομισμένον
372 716 410 783 έν
432 719 475 803 τῇ
497 709 593 806 Ἀσίηι
621 721 667 784 ἔτι
691 713 757 784 άπδ
776 715 993 805 Σεμιράμεως
1017 720 1073 785 καί
1117 711 1123 731 ’

102 830 272 902 γυναῖκας
301 814 415 905 άρχειν
446 812 592 904 ἀνδρῶν.
641 815 838 906 Πιξώδαρος
862 817 901 886 δὲ
925 816 988 904 την
1010 817 1073 906 μὲν

104 916 261 1002 ἐκβάλλει
278 922 337 1004 τῆς
354 913 479 1004 ἀρχῆς,
506 915 604 997 αὐτὸς
623 915 661 986 δέ
678 931 809 1005 κατεῖχε
825 915 865 986 τά
884 915 1071 1006 πράγματα.

103 1017 367 1105 τελευτήσαντος
388 1017 427 1085 δὲ
446 1017 647 1108 Πιξωδάρου
664 1016 901 1106 Ὀροντοβάτης
918 1018 985 1106 τήν
997 1027 1070 1087 Κα-
1089 1032 1106 1082 8

105 1124 181 1206 ρῶν
198 1115 308 1207 άργήν
326 1121 362 1186 ἐκ
379 1118 542 1204 βασιλέως
559 1120 726 1207 πεμφθεὶς
745 1117 832 1208 εἶχε,
856 1118 1006 1209 γαμβρδς
1024 1116 1072 1188 ῶν

68 1247 92 1286 ιο
106 1218 320 1307 Πιξωδάρου.
346 1218 432 1288 ”Asa
450 1218 488 1286 δὲ
503 1217 645 1288 ’Ἄλινδα
662 1217 769 1308 μόνον
786 1235 930 1308 κατεῖχε,
947 1227 1072 1308 χωρίον

105 1325 166 1407 τῆς
180 1327 311 1410 Καρίας
330 1322 367 1388 ἐν
384 1335 453 1399 τοῖς
472 1314 698 1408 ὄχυρῶτατον,
717 1319 773 1388 καί
788 1314 964 1406 ἐσβαλόντι
978 1318 1071 1389 Ἀλε-

105 1421 242 1512 ξάνδρῳ
261 1418 295 1501 ἐς
313 1428 449 1509 Καρίαν
466 1415 609 1507 άιιήντα,
627 1420 668 1488 τά
684 1447 720 1490 τε
732 1419 875 1490 ’Ἄλινδα
893 1418 1072 1490 ἐνδιδοῦσα

106 1518 1073 1610 καλπαῖδάοίτιδεμένηἏλέξανθρον.καλἈλέξανδροςτά

106 1621 290 1693 τεἎλινδα
300 1620 387 1712 αὐτῇ
402 1619 563 1709 ἐπέτρεψε
571 1625 628 1690 καί
640 1621 678 1691 τδ
693 1621 800 1711 ὄνομα
812 1629 872 1691 τοῦ
881 1622 998 1702 παιδὸς
1011 1620 1072 1690 οὐκ

72 1748 96 1789 τε
110 1721 293 1811 άπηξίωσε,
308 1724 366 1792 καί
380 1721 494 1809 ἐπειδη
506 1720 770 1812 Ἁλικαρνασσόν
779 1751 815 1792 τε
829 1721 933 1804 ἐξεῖλε
947 1724 1073 1810 καὶτῆς

108 1823 212 1912 ἄλλης
220 1831 349 1914 Καρίας
359 1822 595 1912 ἐπεκράτησεν,
605 1821 692 1914 αὐτῇ
700 1822 814 1911 άρχειν
822 1817 1072 1910 άπάσηςέδωκε.

190 1931 268 1996 Τῶν
286 1925 498 1996 Μακεδόνων
522 1925 561 1994 δέ
585 1930 674 1993 ἐστιν
697 1931 734 1994 οδ
754 1924 1072 2012 συνεστρατευμένοι
1081 1930 1124 1996 24

106 2022 316 2119 Ἀλεξάνδρρι
333 2019 422 2114 ἦσαν
439 2026 560 2095 νεωστὶ
577 2023 644 2114 πρδ
662 2029 721 2113 τῆς
740 2030 913 2114 στρατείας
926 2051 1073 2113 γεγαμη-

109 2127 219 2207 κότες·
273 2127 330 2195 καί
358 2125 489 2196 τούτων
519 2131 606 2212 ἔγνω
635 2123 699 2208 οὐκ
730 2123 893 2214 άμελητέα
925 2124 1015 2195 εἶναί
1040 2129 1076 2194 οί

75 2225 341 2314 ωἈλέξανδρος,
372 2224 444 2296 ἀλλ’
469 2222 629 2315 ἐκπέμπει
652 2225 719 2316 γάρ
745 2225 870 2308 αὕτοάς
888 2220 926 2297 ἐκ
945 2233 1074 2314 Καρίας
1277 2259 1279 2362 ρ

111 2327 382 2417 διαχειμάσοντας
413 2322 451 2397 ἐν
476 2332 676 2419 Μακεδονία
705 2327 773 2416 ἅμα
802 2342 875 2408 ταῖς
905 2329 1073 2415 γυναιξίν,

113 2429 267 2512 ἐπιτάξας
291 2427 407 2509 αὐτοῖς
423 2427 637 2516 Πτολεμαῖόν
658 2455 694 2497 τε
710 2427 771 2498 τὸν
790 2429 981 2516 Σελεύκου,
1013 2431 1073 2496 ἕνα

111 2534 179 2600 τῶν
193 2528 489 2619 σωματοφυλάκων
505 2535 576 2598 τῶν
592 2534 790 2616 βασιλικῶν,
809 2530 866 2598 καὶ
883 2535 952 2598 τῶν
970 2552 1072 2618 στρα-

111 2633 223 2720 τηγῶν
237 2621 365 2701 Κοῖνόν
381 2655 418 2698 τε
434 2629 495 2699 τὸν
508 2629 785 2719 Πολεμοκράτους
802 2630 860 2697 καὶ
873 2630 1075 2718 Μελέαγρον

77 2760 102 2803 ιε
112 2732 172 2802 τδν
187 2732 438 2820 Νεοπτολέμου,
457 2729 507 2800 ὅτι
520 2731 575 2799 καὶ
590 2728 689 2799 αὐτοὶ
701 2736 770 2799 τῶν
783 2729 959 2818 νεογάμων
976 2721 1073 2817 ἦσαν,
1091 2743 1109 2794 2

114 2833 311 2922 προστάξας,
331 2829 469 2901 ἐπειδάν
487 2828 586 2900 αὐτοί
601 2858 637 2900 τε
655 2833 817 2899 ἐπανίωσι
829 2831 885 2898 καὶ
898 2829 978 2910 τούς
992 2830 1074 2918 μετά

115 2940 211 3022 σφῶν
231 2933 482 3022 ἐκπεμφθέντας
501 2929 747 3020 ἐπαναγάγωσι,
765 2931 939 3011 καταλέξαι
955 2932 1075 3012 ἱππέας

115 3061 148 3105 τε
164 3036 221 3104 καί
239 3031 358 3118 πεζοῶς
377 3036 413 3102 ἐκ
430 3039 489 3120 τῆς
506 3032 615 3121 χώρας
629 3031 731 3112 ὅσους
745 3038 932 3112 πλείστους.
959 3032 1075 3122 καὶτῷ

116 3142 200 3229 ἔργω
213 3140 313 3227 τῶδε,
332 3145 426 3223 είπερ
438 3134 504 3202 τινὶ
517 3133 619 3226 άλλςο,
637 3129 838 3222 εὐδοκίμησε
851 3131 941 3221 παρά
955 3142 1075 3203 Μακε-

82 3237 208 3306 ιοδόσιν
228 3233 456 3324 Ἀλέξανδρος.
506 3241 632 3322 ἔπεμψε
655 3233 694 3302 δὲ
716 3235 773 3302 καί
796 3235 993 3322 Κλέανδρον
1017 3232 1076 3302 τὸν

116 3337 391 3425 Πολεμοκράτους
417 3336 471 3404 ἐπὶ
496 3337 643 3425 ξυλλογῇ
668 3339 877 3423 στρατιωτῶν
897 3340 945 3415 είς
964 3342 1074 3405 Πελο·

117 3459 295 3526 ποννησον.
