2632 3922
472 174 658 230 ιαιυιυιυ
677 179 704 240 ο,
723 143 767 228 τι.
1035 173 1099 238 229

130 331 332 402 Σισικόττου
359 336 421 402 τοῦ
445 331 663 421 Ἀσσακηνῶν
681 333 854 420 σατράπου
881 331 1027 420 ἄγγελοι,
1050 331 1100 402 ὅτι

127 433 192 502 τόν
217 460 253 502 τε
278 431 432 522 ῦπαρχον
459 437 559 521 σφῶν
587 431 807 514 ἀπεκτονότες
834 432 903 503 εἶεν
927 439 964 502 οί
976 433 1098 502 Ἀσσα-

128 535 230 622 κηνοὶ
256 535 314 602 καλ
342 533 401 602 ἀπ’
432 533 657 623 Ἀλεξάνδρου
685 533 918 623 ἀφεστηκότες.
957 536 1014 602 καλ
1042 536 1125 602 ἐπί

129 634 275 715 τούτους
312 643 484 714 Φίλιππον
518 636 676 723 ἐκπέμπει
706 637 764 706 καλ
804 634 998 723 Τυριάσπην
1033 633 1099 702 σῦν

101 739 274 826 σστρατιᾷ
300 735 342 804 τά
369 739 447 825 περὶ
474 735 537 822 τὴν
551 735 770 824 Ἀσσακηνῶν
795 736 911 826 χῶραν
932 753 1099 824 καταστη*

130 837 299 924 σομένους
325 838 382 906 καί
409 838 650 925 κοσμήσοντας.

210 932 326 1018 Αῦτὸς
353 937 391 1006 δὲ
410 935 456 1018 ῶς
476 939 531 1008 ἐπὶ
549 938 610 1007 τὸν
624 937 800 1025 Ἀκεσίνην
819 939 970 1026 ποταμὸν
989 934 1098 1024 πρού-
1116 949 1134 998 8

131 1038 241 1125 χῶρει.
282 1037 407 1107 τούτου
433 1042 494 1107 τοῦ
511 1038 686 1111 Ἀκεσίνου
713 1042 866 1125 ποταμοῦ
892 1039 929 1107 τδ
955 1040 1100 1126 μέγεθος

58 1173 65 1184 ·
132 1139 241 1225 μόνου
273 1141 343 1207 τῶν
366 1137 485 1210 Ἰνδῶν
511 1143 672 1227 ποταμῶν
698 1147 908 1227 Πτολεμαῖος
934 1137 953 1206 ὁ
980 1137 1099 1223 Λάγου

93 1264 120 1303 ιο
134 1236 344 1328 ἀνέγραψεν·
381 1238 468 1310 εἶναι
500 1240 566 1328 γάρ
598 1244 656 1308 ἵνα
683 1241 844 1330 ε’πέρασεν
877 1237 981 1307 αύτόν
1004 1238 1099 1308 Ἀλέ-

134 1341 277 1428 ξανδρος
305 1341 360 1410 ἐπὶ
386 1342 457 1409 τῶν
482 1348 612 1409 πλοίων
629 1368 664 1409 τε
682 1341 740 1409 καλ
757 1345 826 1408 τῶν
845 1342 1018 1428 διφθερῶν
1037 1339 1100 1420 ξῦν

134 1443 177 1530 τῇ
198 1445 336 1530 στρατιᾷ
355 1440 393 1510 τὸ
411 1440 474 1528 μὲν
493 1444 600 1530 ῥεῦμα
619 1439 679 1522 ὀξῦ
700 1444 762 1510 τοῦ
774 1440 947 1510 Ἀκεσίνου
966 1442 1100 1529 πέτραις

134 1541 295 1630 μεγάλαις
321 1543 379 1612 καὶ
405 1540 545 1628 ὀξείαις,
574 1538 656 1612 καθ’
687 1533 735 1610 ῶν
760 1541 949 1631 φερόμενον
974 1548 1035 1629 βίᾳ
1061 1542 1099 1608 τὸ

136 1642 233 1728 ῦδωρ
259 1649 491 1731 κυμαίνεσθαί
512 1669 549 1712 τε
573 1645 631 1711 καὶ
657 1642 844 1730 καχλάζειν·
881 1641 919 1710 τό
947 1639 985 1710 δέ
1003 1633 1100 1727 εὖρος

98 1765 123 1822 ιο
138 1748 298 1822 σταδίους
333 1743 462 1831 ἐπέχειν
488 1749 737 1814 πεντεκαίδεκα.
789 1757 860 1822 τοῖς
886 1742 949 1830 μὲν
975 1743 1016 1829 δὴ
1045 1745 1135 1811 ε’πδ9

135 1850 204 1912 τῶν
229 1849 403 1932 διφθερῶν
422 1849 568 1932 περῶσιν
589 1842 721 1930 εύμαρῆ
733 1842 891 1928 γενέσθαι
903 1843 964 1913 τὸν
977 1843 1099 1929 πόρον·

136 1943 216 2025 τοῦς
242 1945 281 2014 δὲ
300 1949 337 2015 ἐν
355 1961 426 2024 τοῖς
448 1951 576 2025 πλοίοις
596 1945 836 2033 διαβάλλοντας
856 1943 1101 2015 ἐποκειλάντων

137 2047 272 2114 πολλῶν
298 2053 429 2116 πλοίων
454 2045 509 2114 ἐπὶ
527 2061 601 2126 ταῖς
619 2047 755 2134 πέτραις
781 2045 839 2113 καὶ
866 2045 1100 2132 ξυναραχθέν-

136 2172 204 2215 των
230 2145 294 2214 οῦκ
321 2145 461 2234 ὀλίγους
488 2144 595 2216 αὐτοῦ
620 2149 657 2216 ἐν
674 2173 722 2238 τφ
710 2143 843 2219 ῦδατι
861 2148 1100 2234 διαφθαρηναι.

99 2269 124 2309 2⁰
138 2257 189 2335 είη
221 2242 263 2316 διν
297 2238 361 2316 οῦν
395 2251 432 2318 ἐκ
463 2249 566 2317 τοῦδε
590 2251 653 2317 τοῦ
679 2247 785 2333 λόγου
811 2245 999 2328 ξυντνθέντι
1025 2272 1101 2314 τεκ·

82 2343 341 2438 μηριοῦσθαι
366 2346 417 2416 ὅτι
443 2347 484 2416 ού
510 2348 626 2474 πόρρω
649 2352 712 2418 τοῦ
736 2346 888 2436 ἀληθοῦς
912 2343 1100 2471 άνανέγρη-
1182 2345 1183 2350 ’

137 2474 215 2518 πται
222 2476 284 2518 του
270 2446 409 2519 Ἰνδοῦ
420 2455 573 2536 ποταμοῦ
587 2477 625 2518 το
614 2448 780 2568 μέγεθος
790 2445 881 2527 ῦσοις
891 2451 925 2527 ές
935 2447 1101 2535 τεσσαρά-

137 2575 238 2619 κοντα
272 2555 431 2631 σταδίους
465 2554 560 2619 δοκεῖ
590 2553 650 2619 τοῦ
676 2549 785 2620 Ἰνδοῦ
819 2547 965 2618 εἶναι
931 2575 969 2616 το
1002 2539 1101 2636 εὖρος

15 2673 18 2794 η
139 2654 196 2718 ’ίνα
213 2651 321 2736 μέσως
341 2657 406 2736 ἔχει
423 2647 527 2732 αύτδς
546 2649 654 2720 αύτοῦ
670 2647 821 2729 ῦἸνδός·
848 2653 906 2717 ἵνα
923 2649 960 2718 δὲ
974 2649 1101 2718 στενῶ-

104 2775 128 2817 ιε
141 2750 239 2830 τατός
272 2776 307 2820 τε
339 2753 397 2818 καλ
430 2750 484 2820 διὰ
517 2749 697 2838 στενότητα
723 2749 915 2838 βαθύτατος
954 2753 989 2829 ἐς
1020 2749 1101 2830 τοῦς

140 2856 376 2920 πεντεκαίδεκα
400 2850 620 2938 ξυνάγεσθαι·
648 2852 831 2922 καὶταῦτα
849 2855 998 2937 πολλαχῆ
1016 2848 1103 2919 εἶναι

139 2956 198 3020 τοῦ
220 2949 342 3040 Ἰνδοῦ.
376 2952 433 3022 καὶ
459 2951 524 3040 γὰρ
551 2953 608 3021 καὶ
634 2954 696 3020 τοῦ
720 2950 896 3022 Ἀκεσίνου
923 2958 1102 3040 τεκμαίρο-

139 3079 195 3140 μαι
222 3054 436 3136 ἐπιλεξασθαι
449 3050 671 3139 Ἀλέξανδρον
689 3049 810 3141 ἵναπερ
834 3051 872 3121 τῦ
891 3052 1102 3122 πλατύτατον

139 3145 182 3242 ἦν
194 3155 255 3222 τοῦ
271 3153 392 3243 πόρου,
414 3152 458 3234 ῶς
472 3153 675 3246 σχολαιτέρῳ
688 3153 877 3244 χρήσασθαι
889 3158 936 3244 τῷ
952 3152 1100 3242 ῥεύματι.

106 3280 128 3322 εο
214 3254 372 3344 Περάσας
399 3254 437 3323 δὲ
463 3255 525 3324 τδν
551 3253 700 3340 ποταμὸν
724 3263 853 3324 Κοῖνον
879 3253 942 3340 μὲν
968 3253 1032 3336 ξῦν
1057 3258 1099 3342 τῇ
1111 3257 1151 3322 21

141 3353 245 3425 αῦτοῦ
273 3355 363 3438 τάξει
389 3354 563 3426 ἀπολείπει
589 3355 696 3425 αύτοῦ
724 3357 780 3424 ἐπὶ
806 3358 848 3444 τῇ
869 3352 968 3442 ῦχθη,
995 3363 1100 3443 προσ-

141 3456 239 3538 τάξας
258 3458 485 3546 ἐπιμελεῖσθαι
494 3462 561 3546 ’τῆς
574 3447 863 3546 ύπολελειμμένης
876 3459 1030 3547 στρατιᾶς
1042 3459 1101 3542 τῆς
