2632 3922
238 149 303 214 204
592 149 842 210 ΔΔΕΞΔΝΔΡΟΤ

240 335 340 398 μενος
366 307 427 376 τόν
452 333 488 377 τε
514 305 616 378 άετδν
648 305 821 378 ἀπέκτεινε
846 311 901 378 καὶ
926 308 987 380 τόν.
1012 306 1221 396 Προμηθέα
1285 316 1286 324 ’

205 419 222 467 ³
239 411 309 478 νῦν
326 411 461 496 δεσμῦν
478 408 636 480 ἀπέλυσε.
677 410 739 480 τόν
757 409 795 478 δὲ
813 409 994 482 Καάκασον
1010 407 1048 476 τό
1065 405 1152 497 ὄρος
1174 411 1218 476 ἐκ

238 511 300 579 τοῦ
313 509 456 580 Πόντου
484 513 518 590 ἐς
543 510 585 580 τά
611 511 697 600 πρός
724 513 769 582 ἕω
793 512 877 598 μέρη
901 512 960 596 τῆς
985 512 1046 596 γῆς
1061 510 1121 577 καὶ
1143 507 1216 595 τὴν

241 614 541 700 Παραπαμισαδῶν
566 610 681 700 χάραν
705 608 751 691 ῦς
769 611 825 680 ἐπὶ
838 609 966 691 Ἰνδοῦς
981 611 1138 698 μετάγειν
1158 612 1213 699 τῷ

238 711 331 804 λόγῳ
355 712 437 792 τοδς
456 711 674 798 Μακεδόνας,
698 712 945 801 Παραπάμισον
967 709 1048 780 ὄντα
1063 709 1102 778 τό
1120 708 1213 798 ὅρος
1240 737 1251 776 ε

239 811 368 894 αῦτοδς
384 819 575 894 καλοῦντας
589 813 774 884 Καάκασον
791 815 849 900 τῆς
863 811 1082 900 Ἀλεξάνδρου
1102 813 1212 880 ἕνεκα

239 914 354 1002 δόξης,
380 913 426 994 ὥς
451 911 541 1004 ῦαὲρ
567 911 628 984 τόν
645 914 829 986 Καύκασον
855 912 921 998 ἄρα
947 913 1093 983 ἐλθόντα
1108 910 1211 982 Ἀλέ-

205 1017 394 1102 4ξανδρον.
440 1020 479 1084 δν
503 1040 540 1082 τε
566 1013 657 1104 αὐτῇ
682 1021 725 1104 τῇ
747 1015 867 1086 Ἰνδῦυ
891 1019 937 1104 γῇ
961 1017 1045 1103 βοός
1063 1013 1210 1092 ἰδόντας

243 1115 491 1203 ἐγκεκαυμένας
509 1113 662 1202 ῥόπαλον
679 1118 940 1206 τεκμηριοῦσθαι
968 1118 1022 1186 ἐπὶ
1047 1118 1135 1205 τῷδε
1154 1111 1211 1181 ὅτι

235 1214 400 1304 Ἡρακλῆς
427 1217 461 1296 ἐς
485 1210 615 1296 Ἰνδοδς
641 1211 791 1305 άφίκετο.
844 1214 940 1304 ὅμοια
965 1216 1006 1286 δὲ
1028 1218 1084 1284 καὶ
1111 1213 1208 1301 ὑπὲρ
1224 1241 1250 1280 ιο

239 1316 415 1388 Διονύσου
441 1319 500 1404 τῆς
526 1317 656 1406 πλάνης
681 1315 1085 1406 άπιστενΈρατοσδένης·
1127 1318 1208 1404 ἐμοὶ

237 1416 272 1485 δ’
301 1418 339 1486 ἐν
363 1417 456 1508 μόσςο
481 1425 631 1488 κείσθων
657 1424 694 1508 ολ
716 1413 806 1507 ῦπὲρ
830 1418 963 1488 τοῦτον
988 1417 1090 1505 λόγοι.
1289 1409 1290 1420 ’

203 1531 221 1582 σ
311 1514 531 1605 Ἀλέξανδρος
566 1517 605 1588 δὲ
639 1517 685 1599 ὥς
724 1519 864 1606 ἄφίκετο
903 1521 958 1588 ἐπὶ
996 1519 1054 1588 τὸν
1089 1517 1206 1587 Ἰνδόν

237 1614 403 1704 ποταμόν,
427 1617 678 1706 καταλαμβάνει
703 1620 860 1709 γέφυράν
885 1646 923 1688 τε
948 1617 1001 1689 ἐπ’
1030 1617 1121 1708 αὐτῷ
1139 1642 1205 1686 πε-

237 1718 421 1806 ποιημένην
439 1717 525 1806 πρός
540 1718 785 1805 Ἡφαιστίωνος
811 1721 869 1790 καὶ
890 1729 993 1790 πλοῖα
1011 1718 1117 1788 πολλὰ
1135 1717 1202 1806 μὲν
1216 1744 1242 1785 ιε

237 1817 449 1908 σμικρότερα,
463 1818 529 1888 δῦο
544 1818 583 1888 δὲ
592 1821 869 1909 τριακοντόρους,
882 1823 939 1890 καί
950 1820 1040 1909 παρὰ
1055 1820 1202 1898 Ταξίλον

236 1921 298 1988 τοῦ
323 1916 436 1990 Ἰνδοῦ
463 1924 556 2010 δῶρα
582 1917 707 2008 ἥκοντα
733 1920 902 2012 ἀργυρίου
920 1921 983 2009 μὲν
1002 1921 1147 1990 τάλαντα
1164 1922 1201 2000 ἐς

237 2018 399 2110 διακόσια,
435 2025 539 2108 ἱερεῖα
565 2021 603 2090 δὲ
627 2026 712 2108 βοῦς
738 2021 801 2109 μὲν
826 2029 1018 2112 τρισχιλίας,
1049 2021 1201 2112 πρόβατα

202 2118 277 2188 εδδ
302 2118 392 2208 ὑπὲρ
417 2120 535 2206 μόρια,
563 2121 748 2206 ἐλέφαντας
776 2122 814 2192 δὲ
840 2125 874 2202 ἐς
898 2123 1091 2210 τριάκοντα·
1141 2123 1198 2190 καὶ

238 2223 351 2297 ίππείς
384 2218 423 2286 δὲ
456 2219 644 2289 ἑπτακόσιοι
676 2220 770 2312 αὐτῷ
798 2221 917 2292 Ἰνδῶν
944 2226 977 2305 ἐς
1008 2225 1196 2311 ξυμμαχίαν
1209 2245 1233 2286 ιι

236 2318 327 2408 παρὰ
347 2317 492 2396 Ταξίλου
505 2310 605 2406 ἧκον·
627 2323 684 2391 καλ
699 2321 798 2392 πόλιν
817 2323 951 2411 Τάξιλα,
964 2324 1027 2410 τὴν
1040 2330 1197 2411 μεγίστην

236 2416 359 2507 μεταξά
385 2415 496 2490 Ἰνδοῦ
523 2446 559 2490 τε
577 2427 731 2508 ποταμοῦ
756 2423 814 2492 καὶ
829 2422 1007 2513 Ὑδάσπου,
1036 2424 1085 2492 ότι
1102 2422 1195 2515 αὐτῷ

241 2520 383 2605 Ταξίλης
403 2520 593 2592 ἐνδίδωσιν,
627 2521 779 2592 ἐνταῦθα
796 2524 874 2593 δῦει
890 2521 1106 2613 Ἀλέξανδρος
1125 2538 1193 2604 τοῖς

234 2629 329 2698 θεοῖς
356 2616 445 2698 ὅσοις
473 2615 567 2712 αὐτῷ
594 2621 774 2708 νόμοςκαλ
792 2623 909 2710 άγῦνα
926 2640 1016 2694 ποιεί
1031 2623 1192 2712 γυμνικόν

234 2719 291 2790 καὶ
320 2717 458 2790 ίππικδν
485 2722 541 2790 ἐπὶ
573 2725 619 2813 τῷ
647 2727 800 2815 ποταμῷ·
844 2725 902 2794 καλ
928 2697 1189 2819 γίγνεταιῦάτρῐ
1204 2747 1230 2789 ετ

166 2847 168 2852 ’
236 2823 291 2892 ἐπὶ
317 2825 360 2910 τῇ
387 2822 535 2911 διαβάσει
561 2821 602 2891 τά
632 2824 713 2912 ίερά.

196 2915 220 2981 4
307 2915 344 2992 ‘O
362 2919 394 2992 δ’
420 2921 528 2998 Ἰνδός
546 2923 695 3008 ποταμός
713 2921 762 2990 ὅτι
778 2924 932 3010 μέγιστος
952 2931 1112 3014 ποταμοῖν
1130 2928 1192 2996 ἐστι

234 3025 304 3091 τῶν
330 3022 414 3090 κατά
442 3023 504 3108 τὴν
526 3020 643 3092 Ἀσίαν
669 3049 705 3090 τε
730 3024 787 3091 καὶ
813 3020 875 3111 τὴν
895 3023 1081 3116 Εῦριόπην,
1111 3027 1192 3112 πλήν

236 3121 387 3208 Γάγγου,
418 3124 476 3194 καί
501 3123 626 3192 τοῦτον
651 3117 760 3191 Ἰνδοῦ
788 3131 953 3218 ποταμοῦ,
988 3129 1046 3196 καὶ
1080 3125 1131 3197 ότι
1159 3133 1194 3196 αί

235 3228 344 3306 πηγαί
367 3227 452 3288 εἰσιν
478 3215 573 3310 αὐτῷ
601 3223 656 3292 ἐπὶ
682 3222 764 3292 τάδε
789 3228 849 3294 τοῦ
877 3224 981 3314 ὅρους
997 3231 1060 3297 τοῦ
1079 3239 1224 3317 Haece-4⁰

116 3399 120 3408 Ι
235 3326 385 3405 παμίσου
412 3315 433 3406 ἢ
459 3321 657 3408 Καυκάσου,
690 3325 747 3394 καὶ
779 3321 830 3394 ότι
857 3328 1036 3398 ἐκδίδωσιν
1063 3336 1111 3408 είς
1135 3331 1188 3414 τὴν

233 3417 384 3508 μεγάλην
408 3419 586 3490 θάλασσαν
612 3421 674 3510 την
700 3423 784 3492 κατά
807 3423 938 3506 Ἰνδούς
957 3425 1003 3508 ῦς
1022 3429 1078 3498 ἐπὶ
1095 3429 1187 3498 νότον
