2620 3924
203 179 264 245 134
557 175 808 238 ΑΛΕΞΑΝΔΡΟΤ

200 333 308 386 κεῖται
323 320 361 386 δὲ
375 318 396 405 η
409 319 566 404 Ὑρκανία
581 321 676 404 χῶρα
693 320 731 385 έν
747 317 906 406 ἀριστερᾷ
926 323 984 405 τῆς
1007 316 1091 386 ὁδοῦ
1106 325 1166 404 τῆς

202 422 257 487 ἐπὶ
272 423 409 505 Βάκτρα
424 420 607 506 φερούσης·
632 423 689 486 καί
703 425 744 506 τῇ
760 421 824 505 μὲν
840 419 956 506 ὄρεσιν
971 417 1164 506 ἀπείργεται

200 522 317 588 δασέσι
332 523 388 587 καί
404 519 557 606 ὑψηλοῖς,
575 519 611 587 τά
628 522 747 587 πεδίον
762 522 800 586 δὲ
815 519 918 606 αύτῆς
933 522 1075 606 καθήκει
1090 521 1165 587 ἐστε

202 624 258 687 ἐπὶ
278 619 340 705 τήν
367 621 518 707 μεγάλην
539 619 601 706 τήν
629 621 734 707 ταύτῃ
756 622 946 687 θάλασσαν.
976 623 1105 706 ταύτην
1127 621 1166 686 δὲ

200 716 301 807 ἦγεν,
331 721 382 787 ὅτι
409 723 516 808 ταύτη
543 718 624 798 τούς
651 722 767 799 ξένους
794 719 875 800 τούς
902 721 989 805 ἀμφὶ
1015 729 1192 805 Δαρείους

202 823 464 907 διαπεφευγέναι
488 823 523 898 ές
548 823 590 887 τά
619 827 690 886 τῶν
715 821 905 907 Ταπούρων
933 819 995 907 ὅρη
1018 821 1166 888 ἐπύθετο

167 940 183 988 κ
201 924 258 989 καὶ
269 919 472 1005 αύτοδςάμα
484 920 564 999 τούς
583 921 782 1006 Ταπούρους
793 922 1046 1006 χειρωσόμενος.
1070 927 1166 1006 τριχῆ

202 1025 241 1090 δὲ
256 1022 379 1090 διελῶν
394 1023 454 1088 τὸν
468 1021 617 1108 στρατὸν
631 1019 733 1099 αύτδς
744 1023 817 1114 Ιμὲν
837 1020 901 1107 τὴν
916 1023 1167 1108 ἐπιτομωτάτην

202 1127 259 1190 καί
280 1125 518 1209 χαλεπωτάτην
531 1121 695 1208 ἡγήσατο,
719 1121 756 1186 τδ
778 1127 939 1189 πλείστου
958 1123 1017 1190 καὶ
1039 1123 1106 1209 ἀμα
1128 1125 1166 1189 τό

202 1225 416 1311 κουφότατον
436 1230 495 1309 τῆς
517 1224 693 1309 δυνάμεως
714 1222 825 1307 ἀγων·
847 1225 1025 1308 Κράτερον
1045 1225 1082 1292 δὲ
1104 1226 1205 1308 τήνω

201 1349 239 1392 τε
261 1324 368 1391 αὑτοῦ
389 1319 485 1404 τάξιν
512 1327 634 1408 ἔχοντα
660 1323 717 1389 καί
738 1322 802 1408 τήν
826 1322 991 1408 Ἀμύντου
1015 1327 1071 1390 καί
1098 1329 1168 1390 τῶν

202 1427 349 1504 τοξοτῶν
372 1428 463 1491 ἔστιν
479 1421 538 1502 οὓς
553 1424 609 1490 καὶ
625 1423 761 1508 ὀλίγους
782 1429 852 1490 τῶν
875 1426 1003 1490 ἱππέων
1025 1426 1080 1492 ἐπὶ
1101 1430 1167 1490 Ta·
1191 1411 1210 1445 ⁸

202 1527 343 1612 πούρων
371 1529 533 1591 ἔστειλεν·
565 1525 734 1611 Ἐρίγυιον
755 1525 794 1592 δὲ
814 1525 894 1602 τούς
916 1549 952 1591 τε
973 1525 1090 1604 ξένους
1111 1527 1166 1590 καὶ

202 1625 264 1712 τὴν
280 1623 404 1710 λοιπήν
421 1627 528 1692 ἵππον
549 1625 762 1710 ἀναλαβόντα
783 1625 846 1711 τὴν
861 1627 1037 1711 λεωφόρου
1051 1649 1088 1692 τε
1111 1629 1167 1692 καί

202 1727 414 1812 μακροτέραν
435 1725 592 1812 ἡγεῖσθαι
615 1727 785 1810 ἐκέλευσε,
815 1725 874 1804 τάς
898 1724 1023 1812 ἀμάξας
1044 1728 1101 1793 καί
1122 1726 1164 1793 τά
1177 1757 1203 1799 15

203 1828 401 1913 σκευοφόρα
423 1827 479 1894 καί
500 1825 561 1892 τδν
583 1826 690 1893 ἀλλον
713 1826 832 1910 ὅμιλον
853 1825 991 1911 ἀγοντα.

169 1947 186 1996 3
283 1926 497 2015 Ῥπερβαλῶν
520 1929 558 1994 δὲ
575 1927 616 1993 τά
635 1933 752 2013 πρῶτα
775 1927 837 2013 ὅρη
860 1929 917 1993 καί
938 1944 1167 2015 καταστρατο-

203 2029 369 2107 πεδεύσας
390 2027 497 2096 αὐτοῦ
518 2026 699 2112 ἀναλαβῶν
720 2030 799 2106 τούς
820 2051 856 2094 τε
877 2025 1088 2107 ύπασπιστάς
1110 2031 1167 2096 καὶ

203 2135 263 2214 τῆς
284 2133 523 2215 Μακεδονικῆς
549 2131 722 2215 φάλαγγος
746 2128 826 2206 τούς
853 2129 1085 2215 κουφοτάτους
1111 2133 1168 2197 καί

203 2235 273 2297 τῶν
287 2233 435 2309 τοξοτῶν
449 2233 541 2296 ἔστιν
556 2229 616 2308 ούς
630 2227 685 2315 ᾔει
701 2231 851 2316 χαλεπὴν
866 2229 950 2297 ὁδδν
964 2232 1021 2297 καί
1036 2233 1166 2298 δύσπο-
1178 2263 1205 2304 το

205 2355 284 2416 ρον,
313 2332 468 2414 φύλακας
489 2335 558 2396 τῶν
580 2330 672 2397 ὁδῶν
694 2330 890 2398 καταλιπων
912 2333 970 2397 ἵνα
992 2335 1167 2419 σφαλερόν

204 2455 237 2497 τι
252 2429 343 2517 αύτῷ
360 2433 533 2515 ἐφαίνετο,
556 2429 602 2508 ῶς
622 2430 667 2516 μὴ
688 2442 758 2510 τοῖς
773 2431 948 2517 ἑπομένοις
962 2433 1032 2500 κατ’
1056 2437 1166 2502 ἐκεῖνο

168 2553 188 2599 4
206 2533 380 2599 ἐπίθοιντο
403 2533 439 2597 οί
457 2531 498 2597 τά
521 2531 583 2616 ὄρη
605 2535 737 2616 ἔχοντες
751 2538 821 2598 τῶν
835 2535 1030 2620 βαρβάρων.
1066 2535 1168 2614 αύτδς

204 2635 243 2698 δὲ
257 2631 339 2718 μετά
361 2637 431 2698 τῶν
445 2633 590 2711 τοξοτῶν
607 2632 758 2700 διελθῶυ
772 2631 814 2700 τά
829 2636 930 2701 στενά
947 2637 986 2702 έν
1001 2641 1047 2723 τῷ
1062 2639 1166 2724 πεδίῳ

204 2733 553 2817 κατεστρατοπέδευσε
580 2733 663 2818 πρὸς
690 2740 828 2822 ποταμῷ
856 2733 898 2802 ού
919 2739 1064 2825 μεγάλῳ.
1109 2741 1205 2809 καίει

206 2836 357 2903 ἐνταῦθα
374 2834 473 2912 ὄντος
490 2833 596 2901 αύτοῦ
612 2836 833 2920 Ναβαρζάνης
847 2859 884 2902 τε
906 2835 924 2901 ὁ
940 2843 1092 2922 Δαρείου
1113 2863 1168 2922 χι-

205 2939 343 3020 λιάρχης
365 2937 422 3002 καί
444 2936 689 3020 Φραταφέρνης
713 2934 922 3020 ὁὙρκανίας
943 2961 980 3003 τε
1001 2939 1058 3004 καί
1073 2945 1167 3022 Παρ-

204 3041 340 3102 θυαίων
354 3037 525 3121 σατράπης
539 3039 596 3100 καί
611 3035 708 3101 ἀλλοι
722 3040 792 3102 τῶν
808 3035 895 3121 ἀμφὶ
909 3043 1060 3122 Δαρεῖον
1075 3045 1168 3122 Περ-

205 3141 277 3203 σῶν
299 3138 334 3202 οί
359 3137 618 3221 ἐπιφανέστατοι
639 3133 839 3221 ἀφικόμενοι
863 3139 1057 3224 παρέδοσαν
1079 3147 1168 3225 σφᾶς

173 3235 340 3313 σαάτούς.
372 3234 556 3321 ὑπομείνας
577 3237 616 3303 δὲ
639 3238 678 3302 έν
699 3241 745 3323 τῶ
768 3241 982 3326 στρατοπέδω
1004 3241 1206 3326 τέσσαραςεο

205 3336 329 3422 ἡμέρας
343 3334 486 3420 ἀνέλαβε
500 3337 581 3415 τούς
601 3335 872 3421 ἀπολειφθέντας
886 3339 971 3406 κατά
993 3339 1056 3426 την
1071 3339 1166 3425 ὁδόν,

205 3435 284 3516 τούς
317 3437 380 3524 μὲν
415 3437 540 3516 ἀλλους
575 3436 735 3521 ἀσφαλῶς
770 3438 987 3525 διελθόντας,
1023 3453 1094 3519 τοῖς
1129 3443 1166 3508 δὲ
