2632 3922
492 155 678 208 εααεεεια
696 157 722 222 ε,
742 158 781 210 16.
1054 153 1112 216 221

154 311 265 398 πάντη
298 309 455 400 παρέχειν
486 324 557 390 τοϊς
589 307 676 398 ἄμφ’
700 308 920 399 Ἀλέξανδρον
948 313 1117 380 ἱππεῦσιν.

155 411 265 492 άλλως
291 437 327 480 τε
353 408 435 480 ούδέ
460 409 555 498 ἠξίου
583 413 617 491 ἐς
642 409 683 479 τά
711 415 924 500 διαλείποντα
950 415 1018 478 τῶν
1045 413 1153 480 ἐλε-ο

155 509 295 602 φάντων
312 515 474 599 τολμῆσαι
500 509 542 579 άν
568 537 642 579 τινα
669 511 822 580 εἵσασθαι
847 514 917 580 τῶν
935 517 1118 598 πολεμίων,
1157 545 1196 587 ·.

156 610 236 682 ούτε
262 611 326 695 ξύν
344 617 459 692 ἵπποις
477 611 532 680 διά
549 609 609 680 τόν
635 611 744 699 φόβον
761 617 829 680 τῶν
848 615 974 698 ἵππων,
1001 612 1120 695 πεζούς

125 741 191 784 ετε
218 717 265 782 ἐτι
289 725 402 801 μεῖον·
453 711 537 780 κατά
564 711 670 800 στόμα
696 739 732 781 τε
757 711 823 802 γάρ
857 709 901 780 άν
935 711 1019 801 πρός
1050 717 1120 780 τῶν

155 815 304 883 ὁπλιτῶν
339 812 622 902 προσβαλλόντων
648 823 821 901 εἴργεσθαι
846 813 904 881 καὶ
929 813 1120 898 καταπατη-

154 913 325 1000 θήσεσθαι
339 913 610 1002 ἐπιστρεψάντων
624 912 676 982 ἐπ’
692 913 819 994 αύτούς
832 919 902 982 τῶν
917 912 1120 1001 ἐλεφάντων.

157 1015 213 1082 ἐπὶ
238 1013 369 1094 τούτοις
396 1013 434 1082 δὲ
461 1017 496 1082 οί
519 1015 610 1097 πεζοί
637 1011 732 1105 αύτῷ
751 1013 936 1101 ἐτετάχατο,
963 1011 1026 1082 ούκ
1045 1023 1154 1082 ίσοντ

155 1114 194 1183 τό
211 1115 367 1202 μέτωπον
384 1128 455 1194 τοῖς
472 1121 604 1204 θηρίοις
623 1115 809 1202 ἐπέχοντες,
827 1111 904 1182 ἀλλ’
924 1117 961 1182 ἐν
975 1114 1121 1204 δευτέρφ

117 1213 301 1308 ιομετῶπφ
327 1216 410 1302 μετά
435 1211 515 1294 τούς
543 1216 745 1303 ἐλέφαντας,
772 1213 854 1284 όσον
882 1217 914 1294 ἐς
931 1212 973 1282 τά
993 1219 1121 1282 διαλεί-

155 1340 264 1384 ποντα
284 1313 339 1383 ἐπ’
359 1312 477 1401 ὀλίγον
495 1317 722 1403 ἐμβεβλῆσθαι
752 1316 833 1394 τούς
860 1313 990 1402 λόχους.
1034 1305 1123 1400 ἦσαν

157 1416 197 1485 δὲ
214 1413 309 1507 αύτῷ
326 1417 384 1484 καὶ
404 1414 487 1484 κατά
504 1417 545 1484 τά
564 1416 686 1506 κέρατα
706 1420 754 1483 ἔτι
770 1414 859 1504 ύπέρ
877 1415 958 1493 τούς
977 1415 1122 1501 ἐλέφαν-

157 1543 218 1596 τας
243 1515 334 1598 πεζοὶ
360 1515 596 1604 ἐφεστηκότες,
624 1516 830 1604 ἑκατέρωθεν
857 1515 895 1585 δὲ
921 1519 990 1583 τῶν
1017 1519 1123 1596 πεζῶν

157 1616 179 1704 ἡ
206 1620 309 1696 ἵππος
336 1613 430 1707 αύτῷ
459 1617 612 1686 ἐτέτακτο
635 1617 692 1685 καὶ
709 1617 775 1705 πρδ
793 1615 917 1704 ταύτης
933 1614 975 1684 τά
987 1611 1124 1702 άρματα

120 1745 148 1786 1⁵
164 1719 383 1803 ἑκατέρωθεν.
625 1765 630 1774 ·

236 1817 333 1904 Αύτη
359 1816 422 1904 μὲν
447 1814 468 1904 η
496 1816 622 1906 Πῶρον
648 1817 738 1898 τάξις
755 1809 808 1903 ἦν.
849 1815 1064 1904 Ἀλέξανδρος
1084 1813 1122 1882 δέ
1136 1823 1175 1885 16

161 1915 206 1998 ῶς
232 1916 298 2005 ἤδη
317 1916 476 2005 καθεῶρα
492 1919 571 1997 τοὺς
588 1915 718 1996 Ἰνδούς
737 1917 1016 2003 ἐκτασσομένους,
1045 1915 1124 1983 ἐπέ-

160 2038 261 2106 στησε
286 2019 367 2098 τούς
394 2018 515 2098 ίππέας
541 2022 603 2086 τού
634 2017 769 2104 πρόσω,
804 2013 849 2096 ῶς
875 2011 1125 2103 άναλαμβάνειν
1209 2031 1218 2046 ‘

160 2123 229 2187 τῶν
265 2123 373 2200 πεζῶν
404 2118 486 2198 τούς
518 2115 571 2186 άεῖ
597 2116 839 2206 προσάγοντας.
885 2115 931 2196 ῶς
958 2115 997 2184 δέ
1022 2113 1124 2200 καὶὴ

122 2249 149 2288 το
162 2219 293 2307 φάλαγξ
320 2217 414 2309 αύτῷ
441 2217 557 2310 δρόμςο
574 2217 756 2300 συνάψασα
773 2215 860 2304 ὁμοῦ
886 2215 951 2304 ἤδη
968 2209 1023 2303 ἦν,
1050 2215 1126 2284 ὁδὲ
1158 2306 1161 2310 ¹

162 2317 227 2388 ούκ
251 2317 360 2398 εύθύς
387 2319 524 2400 ἐκτάξας
552 2322 688 2406 ἐπῆγεν,
716 2317 762 2397 ῶς
788 2317 833 2405 μη
860 2315 1073 2414 καματηρούς
1091 2341 1127 2384 τε

162 2419 219 2488 καί
247 2423 498 2500 πνευστιῶντας
524 2417 647 2507 άκμησι
672 2421 886 2506 παραδοῦναι
902 2431 972 2498 τοῖς
995 2416 1126 2506 βαρβά-

164 2547 248 2609 ροις,
275 2515 361 2588 άλλά
390 2522 423 2600 ἐς
448 2519 595 2600 κύκλους
621 2518 844 2607 παριππεύων
870 2517 1020 2588 άνέπαυε
1045 2517 1127 2596 τούς

164 2618 282 2702 πεζούς
310 2626 383 2688 ἔστε
408 2625 610 2706 καταστῆναι
628 2619 745 2699 αύτοίς
770 2620 832 2688 τὸν
856 2620 981 2707 θυμόν.
1023 2617 1069 2698 ῶς
1089 2617 1160 2695 δέα

126 2745 152 2787 ετ
165 2720 228 2804 τὴν
244 2719 339 2798 τάξιν
356 2727 488 2789 κατεῖδε
505 2723 575 2788 τῶν
588 2719 720 2809 Ἰνδῶν,
745 2721 829 2789 κατὰ
847 2723 954 2808 μέσον,
968 2721 1043 2808 μέν,
1070 2723 1127 2787 ἵνα

166 2823 202 2887 οί
232 2821 411 2905 ἐλέφαντες
443 2820 687 2909 προεβέβληντο
713 2822 770 2889 καὶ
796 2821 909 2906 πυκνὴ
940 2819 961 2908 ἡ
995 2818 1127 2908 φάλαγξ

165 2917 250 2988 κατά
275 2919 316 2986 τά
344 2923 559 2994 διαλείποντα
585 2918 701 2990 αὐτῶν
720 2921 927 3009 ἐπετέτακτο,
955 2917 1017 2990 ούκ
1041 2926 1128 3006 ἐγνω

166 3017 341 3108 προάγειν,
368 3017 455 3089 αύτά
483 3023 594 3091 ἐκεῖνα
620 3017 769 3108 ὀκνήσας,
792 3019 877 3110 άπερ
895 3019 913 3090 ὁ
933 3027 1054 3108 Πῶρος
1079 3026 1127 3112 τῷ

166 3123 314 3212 λογισμῶ
342 3121 480 3202 ξυνθεὶς
505 3119 613 3211 ταύτη
641 3123 770 3202 ἔταξεν·
810 3121 896 3190 άλλά
923 3120 1027 3201 αύτός
1053 3122 1127 3209 μίν,

128 3249 153 3290 οο
166 3219 226 3290 άτε
253 3225 482 3309 ἱπποκρατῶν,
508 3223 570 3310 τὴν
596 3223 726 3309 πολλὴν
744 3227 803 3310 τῆς
820 3227 926 3291 ἵππου
946 3222 1128 3310 άναλαβῶν

168 3323 224 3390 ἐπὶ
249 3322 287 3389 τό
309 3321 488 3410 εύύνυμον
506 3325 605 3410 κέρας
621 3327 691 3391 τῶν
712 3330 883 3412 πολεμίων
900 3323 1127 3413 παρήλαυνεν,

169 3420 215 3502 ῶς
240 3421 348 3513 ταύτῃ
368 3423 620 3513 ἐπιθησόμενος.
660 3433 786 3494 Κοῖνον
812 3424 852 3493 δὲ
868 3426 989 3511 πέμπει
1008 3424 1053 3503 ῶς
1072 3423 1161 3502 ἐπλς
