2632 3922
484 149 669 200 ιοοοιειε
687 153 715 214 ι,
733 153 758 202 ο.
999 213 1002 218 ,
1036 149 1103 214 209

132 312 168 376 εἰ
192 305 236 392 δή
260 332 323 374 του
349 305 455 375 άλλου
481 300 503 394 ἦ
527 305 702 376 Ἑκαταίου
731 308 801 376 ἐστὶ
827 305 973 395 τόιάμφὶ
991 312 1033 396 τῇ
1052 313 1101 396 γῇ

133 409 178 494 τῇ
214 410 390 496 Αἰγυπτίᾳ
428 407 593 495 ποιήματα
630 405 745 495 δῶρόν
779 433 815 476 τε
849 412 910 476 τοῦ
946 413 1101 496 ποταμοῦ

134 505 315 594 ἀμφότεροι
348 505 509 586 ῶσαότως
535 503 736 596 ὀνομάζουσι
761 510 819 577 καί
846 507 910 577 οῦκ
933 507 1102 598 ἀμαυροῖς

134 615 325 695 τεκμηρίοις
343 605 394 675 ὅτι
410 608 518 698 ταότρ
538 613 604 694 ἔχει
617 607 787 700 Ἡροδότῳ
807 610 1037 695 ἐπιδέδεικται,
1056 608 1102 688 ῶς

106 709 192 776 ικαὶ
218 707 281 795 τὴν
306 713 372 795 γῆν
398 707 506 797 αὐτὴν
530 708 636 796 τυχόν
653 714 715 778 τοῦ
734 715 887 798 ποταμοῦ
905 708 992 778 εἶναι
1011 706 1100 778 έπῦ-

134 835 256 897 νυμον.
300 818 477 896 Αἴγυπτος
503 809 570 900 γὰρ
596 811 635 878 τό
662 810 806 879 παλαιόν
832 809 851 879 ό
878 809 1026 899 ποταμὸς
1052 807 1104 879 ῦτι

137 911 288 979 ἐκαλεῖτο
319 907 437 978 ὅντινα
462 915 530 979 νῦν
557 919 686 981 Νεῖλον
713 910 902 998 Αἰγόπτιοί
923 939 960 980 τε
984 913 1042 979 καὶ
1069 915 1106 979 οί

137 1012 200 1092 ἔξω
218 1009 398 1096 Αἰγύπτου
425 1008 603 1100 ἅνθρωποι
629 1007 863 1100 ὀνομάζουσιν,
892 1011 1007 1092 ίκανός
1025 1038 1102 1080 τευ

135 1116 300 1198 μηριῶσαι
313 1109 471 1200 Ὅμηρος,
495 1112 605 1198 λέγων
625 1114 682 1182 ἐπὶ
704 1118 746 1202 τῇ
771 1115 893 1201 ἐκβολῇ
914 1119 975 1180 τοῦ
993 1111 1103 1198 Αἰγῦ-

97 1239 123 1278 ιο
137 1237 223 1280 πτου
242 1219 397 1298 ποταμοῦ
410 1212 470 1279 τὸν
485 1213 667 1280 Μενέλεων
685 1216 803 1300 στῦσαι
819 1213 879 1290 τὰς
897 1211 984 1292 νέας.
1013 1220 1045 1282 εί
1061 1211 1102 1298 δὴ
1120 1229 1137 1276 ο

136 1303 202 1380 οῦν
227 1307 276 1391 είς
301 1337 337 1380 τε
356 1311 504 1399 ποταμὸς
530 1308 611 1401 παρ’
637 1310 787 1393 ἑκάστοις
813 1313 871 1380 καὶ
897 1310 939 1381 οῦ
965 1310 1104 1400 μεγάλοι

136 1403 231 1481 οῦτοι
248 1412 392 1499 ποταμοὶ
409 1413 521 1480 ίκανολ
540 1417 606 1500 γῆν
622 1412 751 1500 πολλὴν
769 1415 902 1500 ποιῆσαι
920 1414 953 1492 ἐς
970 1414 1103 1482 θάλασ-

137 1534 202 1582 σαν
220 1512 450 1602 προχεόμενοι,
469 1512 571 1582 ὁπότε
591 1514 671 1584 ίλόν
688 1516 909 1602 καταφέροιεν
921 1515 979 1582 καλ
994 1512 1103 1600 πηλόν

139 1615 176 1682 ἐκ
201 1619 271 1682 τῶν
298 1612 434 1682 ἄνωθεν
459 1615 574 1682 τόπων
601 1621 766 1704 ἔνθενπερ
793 1613 910 1694 αὐτοῖς
935 1617 974 1682 αί
997 1622 1106 1702 πηγαί

99 1743 126 1784 15
139 1721 238 1803 εἰσιν,
264 1711 347 1784 οῦδὲ
364 1713 453 1803 ῦπδρ
471 1717 529 1800 τῆς
545 1712 663 1786 Ἰνδῶν
680 1714 746 1804 άρα
763 1715 875 1804 χάρας
894 1717 927 1794 ές
944 1712 1104 1784 ἀπιστίαν

140 1817 227 1884 ίέναι
252 1814 358 1901 άξιον,
386 1815 478 1894 ὅπως
504 1819 623 1884 πεδίον
648 1841 685 1884 τε
709 1815 731 1904 ἡ
757 1816 865 1907 πολλή
891 1816 1042 1884 ἐστικαὶ
1067 1817 1104 1884 ἐκ

138 1918 208 1984 τῶν
246 1918 405 2004 ποταμῶν
444 1917 481 1985 τὸ
526 1921 647 1985 πεδίον
688 1921 754 2003 ἔχει
794 1916 1102 2003 προσκεχωσμένον.

129 2015 255 2104 Ἕρμον
281 2016 344 2103 μὲν
370 2017 436 2103 γάρ
462 2017 520 2084 καὶ
543 2021 726 2104 Κάϋστρον
751 2017 807 2084 καὶ
828 2015 959 2084 Κάϊκόν
984 2042 1020 2084 τε
1046 2018 1139 2085 καλῖ

138 2122 345 2204 ΙΜαίανδρον
370 2113 392 2202 ἢ
419 2113 491 2186 ὅσοι
523 2115 645 2185 άλλολ
672 2119 816 2203 ποταμοὶ
845 2121 908 2202 τῆς
932 2115 1043 2197 Ἀσίας
1070 2119 1104 2197 ές

99 2215 240 2304 οοτήνδε
265 2219 327 2305 τὴν
354 2218 450 2297 έντὸς
474 2218 655 2287 θάλασσαν
682 2220 875 2288 ἐκδιδοῦσιν
909 2215 992 2285 οῦδὲ
1018 2217 1104 2305 ξάμ-

139 2345 268 2398 παντας
292 2319 516 2399 ξυντεθέντας
543 2321 594 2388 ἑνί
614 2323 685 2387 τῶν
697 2317 817 2388 Ἰνδῶν
834 2321 995 2404 ποταμῶν
1012 2315 1105 2396 όιξιον

40 2503 45 2512 ,
139 2424 323 2508 ξυμβαλεῖν
349 2420 503 2507 πλήθους
530 2421 629 2488 ἕνεκα
654 2423 718 2488 τοῦ
744 2418 882 2507 ῦδατος,
908 2421 953 2507 μὴ
980 2416 1030 2487 ὅτι
1055 2421 1103 2509 τῳ

143 2521 259 2608 Γάγγῃ
291 2525 338 2610 τῷ
364 2529 526 2611 μεγίστῳ,
559 2519 626 2613 ὅτῳ
658 2517 738 2589 οῦτε
765 2527 893 2590 Νείλου
920 2517 1016 2607 ῦδωρ
1041 2524 1104 2588 τοῦ

141 2628 337 2706 Αἰγυπτίου
364 2619 443 2690 οῦτε
461 2620 617 2708 ὁἸστρος
635 2620 720 2690 κατά
745 2621 806 2708 τὴν
825 2619 997 2707 Εόρῶπην
1016 2623 1104 2714 ῥέων

102 2757 128 2796 25
142 2721 227 2802 άξιοι
240 2723 435 2808 ξυμβαλεῖν,
453 2721 527 2790 ἀλλ’
545 2721 628 2790 οῦδὲ
644 2723 692 2813 τῷ
707 2719 803 2814 Ἰνδῷ
823 2726 961 2812 ποταμῷ
980 2723 1106 2790 ἐκεῖνοί
1121 2740 1139 2789 8

140 2849 180 2908 γε
198 2820 322 2900 πάντες
349 2823 589 2908 ξυμμιχθέντες
608 2824 642 2901 ἐς
661 2832 736 2890 ἴσον
754 2827 918 2911 ἔρχονται,
945 2818 984 2902 ὃς
1000 2823 1105 2908 μέγας

141 2949 178 2990 τε
195 2919 304 3000 εῦθῦς
326 2919 393 3005 άπό
419 2925 490 2990 τῶν
508 2927 626 3010 πηγῶν
644 2920 773 3008 άνίσχει
790 2925 847 2991 καὶ
866 2928 1105 2991 πεντεκαίδεκα

140 3021 333 3109 ποταμοός,
360 3023 487 3102 πάντας
513 3029 582 3091 τῶν
605 3021 769 3092 Ἀσιανῶν
793 3031 965 3113 μείζονας,
993 3050 1101 3111 παρα-

141 3122 258 3211 λαβῶν
276 3125 334 3192 καὶ
352 3126 394 3212 τῇ
415 3127 592 3214 ἐπωνυμία
610 3123 778 3213 κρατήσας
797 3123 907 3203 οῦτοος
926 3125 1055 3192 ἐκδιδοῖ
1071 3125 1104 3204 ἐς

103 3224 330 3305 ςῡθάλασσαυ.
369 3225 476 3293 ταῦτά
501 3251 558 3313 μοι
583 3227 621 3293 έν
645 3229 692 3317 τῷ
719 3223 861 3312 παρόντι
886 3225 964 3312 περὶ
985 3222 1105 3292 Ἰνδῶν

142 3329 200 3411 τῆς
217 3325 328 3413 χώρας
346 3325 510 3413 λελέχθω·
551 3325 592 3394 τά
619 3325 658 3395 δὲ
673 3323 762 3395 άλλα
780 3324 974 3395 άποκείοθῳ
993 3327 1026 3406 ές
1043 3323 1105 3412 τὴν

137 3424 281 3514 Ἰνδικὴν
307 3426 515 3519 ξυγγραφήν.

193 3547 324 3587 Annum.
868 3541 902 3590 14
