2572 3920
462 137 647 189 εκεειειε
665 141 690 200 ε,
707 140 734 190 ε.
1037 139 1080 204 57

110 281 199 357 ναῦς
216 277 347 364 μακράς
363 273 432 346 ῦπδ
449 273 666 364 Ἀντιπάτρου
685 278 902 366 τεταγμένος,
929 277 974 360 ῦς
992 277 1084 349 εἶναι’
1133 299 1138 308 ’

111 405 188 446 τινα
212 393 285 456 ταῖς
308 404 345 446 τε
368 377 481 464 νήσοις
504 376 662 464 φυλακήν
681 378 738 446 καὶ
762 375 849 468 αῦτή
873 385 915 469 τῇ
937 378 1079 468 Ἑλλάδι,

112 484 161 564 εί,
187 477 342 566 καθάπερ
368 479 599 565 ἐξηγγέλλετο,
631 478 818 548 ἐπιπλέοιεν
843 485 878 548 οί
898 479 1078 570 βάρβαροι·

110 578 308 665 πυθόμενος
339 578 377 648 δὲ
402 577 565 666 Δατάμην
595 579 673 667 περὶ
698 585 834 667 Σίφνον
857 579 974 669 ὁρμεῖν
998 582 1080 650 δέκα

84 686 258 766 τναυσίν,
284 676 386 760 αῦτὸς
405 687 491 768 ἔχων
510 683 750 748 πεντεκαίδεκα
772 679 896 762 νυκτός
921 679 1080 768 ἀνάγεται

111 779 179 850 ἀπδ
199 785 367 861 Χαλκίδος
391 782 450 866 τής
475 781 529 848 ἐπί
552 785 600 872 τῷ
623 777 781 873 Εῦρίπῳ·
821 782 878 850 καί
901 782 1117 871 προσσχόντι

112 879 357 973 ἕωθενΚόθνῳ
377 887 419 970 τῇ
437 878 530 973 νήσῳ
547 879 610 969 τήν
627 881 690 968 μὲν
706 879 835 971 ἡμέραν
853 880 960 951 αὐτοῦ
978 881 1080 952 αῦλί-
1106 917 1108 921 ’

110 989 218 1070 ζεται,
251 975 296 1061 τός
320 981 528 1071 σαφέστερόν
550 1008 586 1050 τε
610 983 840 1052 διαπυθέσθαι
856 981 896 1051 τά
916 985 993 1072 περὶ
1012 989 1081 1053 τιῦν

113 1083 196 1152 δέκα
213 1089 303 1152 νεῦυ
320 1083 377 1151 καί
391 1081 459 1168 ἀμα
473 1085 510 1151 ἐν
522 1083 621 1150 νυκτὶ
633 1083 865 1174 φοβερώτερον
877 1098 1081 1173 προσπεσεῖν

76 1211 101 1253 ιο
114 1197 185 1264 τοῖς
202 1185 365 1265 Φοίνιξιν·
395 1181 441 1263 ιδς
455 1182 494 1251 δέ
512 1189 617 1270 ἔμαθε
630 1189 748 1272 σαφοῦς
764 1183 826 1253 τόν
840 1185 1003 1273 Δατάμην
1017 1185 1081 1268 ξῦν

111 1299 187 1364 ταῖς
216 1285 340 1354 ναυσίν
372 1285 409 1354 έν
434 1291 557 1374 Σίφνῳ
584 1277 772 1373 ὁρμοῦντα,
807 1284 1007 1366 ἐπιπλεύσας
1032 1291 1081 1356 ἔτι

112 1385 237 1465 νυκτός
261 1379 319 1454 ἀπ’
345 1381 452 1472 αῦτήν
468 1383 531 1470 τήν
550 1387 593 1454 ἕω
611 1385 668 1452 καὶ
685 1381 945 1474 ἀπροσδοκήτοις
964 1389 1080 1456 ἐπιπε-

114 1485 186 1556 σιδν
200 1485 287 1554 όκτώ
301 1485 364 1573 μὲν
377 1491 463 1566 ναῦς
477 1483 593 1565 αῦτοῖς
608 1481 772 1574 ἀνδράσιν
786 1493 899 1574 ἔλαβε·
920 1487 1080 1576 Δατάμης

114 1587 153 1656 δὲ
177 1587 260 1675 μετά
284 1593 383 1655 δυοῖν
408 1599 558 1674 τριηροῖν
577 1587 614 1654 ἐν
630 1591 673 1674 τῇ
690 1585 806 1676 πρότη
824 1591 996 1677 προσμίξει
1013 1594 1080 1657 τάν

78 1687 183 1776 ιεάμα
207 1689 351 1778 Πρωτέᾳ
380 1692 468 1756 νεῶν
500 1684 711 1774 δπεκφυγεδν
739 1685 901 1776 ἀπεσώθη
932 1687 1017 1777 πρὸς
1041 1686 1079 1758 τδ
1129 1697 1138 1716 '

114 1787 197 1858 ἀλλο
214 1789 384 1858 ναυτικόν.

188 1889 403 1980 Ἀλέξανδρος
427 1888 466 1958 δὲ
490 1886 534 1968 ὥς
553 1889 586 1967 ές
604 1887 749 1974 Γόρδιον
765 1894 938 1976 παρῆλθε,
972 1887 1079 1970 πόθος
1100 1899 1125 1966 3

116 1990 277 2080 λαμβάνει
294 1988 404 2059 αῦτόν
417 1985 606 2058 ἀνελθόντα
622 1990 655 2067 ές
671 1985 734 2076 τήν
752 1987 870 2078 ἀκρον,
889 1993 946 2058 ἵνα
964 1991 1021 2058 καί
1038 1987 1079 2060 τά

115 2099 268 2180 βασίλεια
281 2083 326 2177 ήν
338 2090 379 2160 τά
393 2095 539 2180 Γορδίου
553 2089 610 2157 καὶ
623 2094 684 2157 τοῦ
698 2088 818 2170 παιδός
832 2087 938 2159 αῦτοῦ
950 2095 1079 2179 Μίδου,

81 2191 177 2281 ντήν
201 2192 334 2279 ἅμαξαν·
358 2197 444 2260 ίδεῖυ
467 2196 527 2259 τοῦ
553 2194 699 2279 Γορδίου
723 2191 780 2258 καὶ
802 2196 863 2260 τοῦ
889 2195 991 2276 ζυγοῦ
1021 2197 1079 2279 τής

116 2292 242 2382 ἀμάξης
259 2292 320 2362 τδν
337 2291 471 2380 δεσμόν.
507 2290 605 2376 λόγος
623 2289 661 2358 δέ
679 2291 756 2379 περὶ
773 2296 829 2378 τῆς
848 2290 972 2380 ἀμάξης
991 2294 1078 2360 ε’κεί-
1097 2307 1116 2356 ε

116 2423 175 2482 υης
200 2392 290 2481 παρά
314 2390 614 2480 τοῖςπροσχόροις
637 2389 741 2471 πολὺς
758 2406 905 2480 κατεῖχε,
936 2391 1080 2482 Γόρδιον

117 2495 202 2566 εἶναι
225 2500 294 2564 τάν
319 2493 421 2562 πάλαι
440 2497 589 2584 Φρυγῶν
607 2487 716 2578 ἀνδρα
739 2493 865 2579 πένητα
883 2485 939 2560 κοιλ
960 2489 1080 2580 ὀλίγην

117 2595 203 2666 εἶναι
231 2591 324 2686 αόνῳ
354 2600 418 2683 γῆν
450 2593 647 2684 ἐργάζεσθαι
677 2593 734 2686 καὶ
763 2593 860 2680 ζεύγη
883 2598 974 2680 βοῶν
999 2592 1079 2662 δόο·

83 2723 106 2764 ιε
119 2698 173 2766 καὶ
190 2702 238 2788 τῷ
256 2695 318 2784 μὲν
336 2693 506 2785 ἀροτριάυ,
523 2699 571 2785 τῷ
590 2693 628 2762 δὲ
645 2691 824 2780 δμαξεῦειν
841 2690 901 2762 τόν
919 2690 1073 2783 Γόρδιον.

118 2805 178 2868 καί
199 2822 278 2866 ποτε
303 2794 467 2885 ἀροῦντος
491 2793 596 2863 αὐτοῦ
621 2796 798 2880 έπιπτήναι
823 2795 878 2862 ἐπὶ
902 2791 961 2862 τόν
979 2793 1117 2880 ζνγῦνε

74 2937 81 2948 ·
119 2897 217 2968 ἀετόν
240 2897 296 2966 καὶ
320 2900 484 2986 ἐπιμεῖναι
508 2903 581 2966 έστε
605 2895 659 2964 ε’πὶ
685 2892 855 2980 βουλυτόν
873 2893 1080 2982 καθήμενον·

119 2998 178 3068 τόν
201 2999 240 3068 δὲ
265 2999 471 3084 ἐκπλαγέντα
494 3002 537 3086 τῇ
562 2994 638 3078 όψει
662 2995 747 3063 ίέναι
773 2991 976 3064 κοινώσοντα
993 2993 1082 3085 ῦπδρ

121 3105 178 3170 τοῦ
192 3107 290 3169 θείου
306 3096 395 3188 παρά
408 3097 487 3178 τοῦς
507 3096 707 3184 Τελμισσέας
721 3095 801 3176 τοῦς
819 3094 967 3184 μάντεις·
995 3095 1082 3166 εἶναι

86 3201 182 3288 ιογάρ
200 3201 280 3280 τοῦς
295 3201 496 3288 Τελμισσέας
514 3192 643 3284 σοφοῦς
660 3195 701 3264 τά
718 3208 798 3266 θεῖα
817 3199 1007 3284 ἐξηγεῖσθαι
1024 3204 1084 3266 καί

121 3321 233 3388 σφισιν
257 3295 322 3369 ἀπὸ
346 3301 467 3388 γένους
485 3298 648 3368 δεδόσθαι
665 3295 781 3378 αῦτοῖς
800 3299 855 3366 καὶ
874 3299 1005 3384 γυναιξί
1023 3298 1080 3365 καί

120 3401 213 3472 παισὶ
234 3396 296 3489 τήν
320 3401 492 3490 μαντείαν.
527 3397 739 3489 προσάγοντα
763 3397 801 3466 δὲ
818 3397 913 3487 κόμη
930 3398 995 3465 τινί
1012 3401 1115 3464 τεῖνε
