2572 3920
191 161 234 225 22
544 159 795 220 ΑΔΕΞΑΝΔΡΟΤ

159 317 176 366 ο
191 308 251 390 τῆς
265 307 424 390 Παιτικῆς
439 301 494 371 ἐπὶ
511 299 572 371 τόν
586 303 729 372 Μέλανα
743 300 894 390 ποταμόν
908 307 1046 392 ἔρχεται.
1077 307 1154 372 δια-

192 402 255 491 βάς
281 405 319 474 δέ
345 404 402 472 καὶ
427 402 487 472 τόν
514 405 657 473 Μέλανα
684 405 717 482 ἐς
743 401 878 490 Σηστόν
904 400 1091 491 ἀφικνεῖται
1117 407 1154 472 ἐν

194 515 298 575 είκοσι
320 518 392 584 ταῖς
419 502 540 584 πάσαις
564 497 702 593 ἡμέραις
721 501 788 572 άπό
811 510 870 591 τῆς
895 509 1032 574 οἴκοθεν
1059 505 1153 593 ἐξορ-

193 605 334 694 μήσεως.
369 603 480 675 ἐλθόν
506 604 545 674 δὲ
572 607 605 685 ἐς
621 599 815 675 Ἐλαιοῦντα
830 604 912 674 θόει
930 605 1153 698 Πρωτεσιλάῳ

196 708 251 776 ἐπὶ
275 712 322 800 τῷ
346 705 442 799 τάφῳ
465 711 527 776 τοῦ
545 705 801 796 Πρωτεσιλάου,
829 704 879 775 ὅτι
904 706 960 774 καὶ
978 713 1180 796 Πρωτεσί-ε

196 817 274 888 λαος
309 812 439 895 πρῶτος
473 805 582 876 ἐδόκει
613 809 750 894 ἐκβῆναι
789 808 823 887 ἐς
854 805 916 894 τῆν
943 803 1057 877 Ἀσίαν
1086 813 1154 877 τῶν

191 908 360 996 Ἑλλήνων
388 913 458 978 τῶν
488 907 556 996 ἅμα
576 905 797 996 Ἀγαμέμνονι
822 909 855 988 ἐς
863 905 968 978 Ἴλιον
993 929 1155 997 στρατευ-

196 1010 339 1080 σάντων.
376 1009 433 1078 καλ
458 1007 476 1078 ὁ
503 1013 585 1088 νοῦς
608 1013 669 1095 τῆς
694 1014 820 1088 θυσίας
838 1000 883 1095 ῆν
901 1009 1156 1100 ἐπιτυχεστέραν

197 1107 234 1180 οἷ
246 1111 406 1198 γενέσθαι
422 1106 444 1197 ῆ
462 1107 688 1200 Πρωτεσιλάῳ
707 1108 770 1196 τῆν
788 1107 963 1196 άπόβασιν.

163 1221 181 1272 6
274 1217 478 1299 Παρμενίων
491 1210 554 1298 μὲν
571 1207 613 1296 δῆ
630 1215 700 1278 τάν
718 1216 825 1293 πεζῶν
842 1209 922 1290 τοῦς
936 1209 1082 1291 πολλοῦς
1099 1207 1158 1280 καί
1169 1241 1193 1282 ιο

182 1311 259 1400 ’τῆν
272 1317 377 1382 ’ίπτιον
395 1311 585 1398 διαβιβάσαι
599 1309 723 1398 ἐτάχθη
741 1314 777 1379 ἐκ
792 1316 929 1398 Σηστοῦ
947 1313 981 1392 ἐς
991 1310 1156 1398 Ἀβυδον·

197 1413 254 1482 καλ
286 1414 444 1500 διέβησαν
478 1408 624 1502 τριήρεσι
656 1411 720 1499 μὲν
751 1411 869 1480 ἑκατόν
899 1412 956 1480 καὶ
987 1412 1156 1500 ἑξήκοντα,

198 1519 326 1593 πλοίοις
344 1512 382 1582 δέ
400 1509 511 1593 ἄλλοις
529 1519 665 1591 πολλοῖς
680 1512 907 1601 στρογγύλοις.
939 1510 1159 1603 Ἀλέξανδρον

199 1616 237 1686 δέ
261 1618 294 1696 ἑξ
309 1612 517 1694 Ἐλαιοῦντος
543 1616 575 1694 ἐς
598 1610 659 1680 τόν
679 1611 819 1700 Ἀχαιῶν
841 1613 957 1701 λιμένα
980 1612 1157 1704 κατάραιό

199 1723 330 1786 πλείων
341 1714 440 1801 λόγος
457 1715 596 1802 κατέχει,
613 1714 671 1781 καὶ
688 1712 793 1783 αὐτόν
809 1741 846 1784 τε
863 1721 1079 1805 κυβερνῶντα
1095 1714 1157 1802 τῆν
1171 1743 1196 1786 ιε

199 1821 403 1908 στρατηγίδα
419 1821 509 1885 ναῦν
527 1812 718 1902 διαβάλλειν
741 1815 798 1883 καὶ
823 1815 934 1902 ἐπειδῆ
954 1815 1037 1884 κατά
1054 1817 1158 1904 μέσον

198 1917 259 1989 τόν
271 1917 379 2008 πόρον
391 1923 452 1987 τοῦ
465 1915 709 2004 Ἑλλησπόντου
727 1916 868 2004 ἐγένετο,
881 1915 1059 2003 σφάξαντα
1071 1922 1137 1986 ταῦ
1142 1957 1157 1966 -

200 2047 261 2110 ρον
284 2024 332 2111 τῷ
350 2022 541 2090 Ποσειδῶνι
563 2017 620 2086 καὶ
638 2023 785 2105 Νηρηίσι
802 2017 959 2086 σπένδειν
978 2019 1014 2085 ἐκ
1031 2023 1158 2107 χρυσῆς
1231 2094 1234 2098 ,

165 2126 182 2180 7
200 2118 320 2209 φιάλης
339 2121 371 2199 ἐς
385 2117 447 2188 τόν
460 2118 593 2188 πόντον.
626 2117 762 2202 λέγουσι
780 2118 816 2187 δέ
830 2117 885 2185 καὶ
899 2124 1034 2207 πρῶτον
1048 2121 1084 2187 ἐκ
1101 2124 1158 2206 τῆς

199 2218 284 2300 νεάς
303 2218 370 2289 σῦν
386 2233 456 2300 τοῖς
473 2217 588 2299 ὅπλοις
607 2220 743 2304 ἐκβῆναι
760 2214 867 2286 αῦτόυ
885 2221 918 2300 ἐς
936 2222 998 2304 τῆν
1015 2222 1080 2306 γῆν
1097 2218 1158 2306 τῆν
1170 2249 1196 2291 ιο

197 2319 312 2392 Ἀσίαν
325 2320 382 2388 καὶ
394 2317 530 2408 βωμοῦς
549 2317 756 2409 ἱδρύσασθαι
768 2318 852 2388 ὅθεν
865 2347 900 2388 τε
914 2319 1033 2406 ἐστάλη
1048 2323 1084 2388 ἐκ
1100 2325 1159 2407 τῆς
1264 2393 1280 2410 ,

201 2417 370 2510 Εῦράπης
394 2421 451 2488 καὶ
477 2419 564 2490 ὅπου
590 2420 685 2506 ἐξέβη
707 2425 766 2507 τῆς
787 2417 899 2500 Ἀσίας
918 2419 1002 2500 Διός
1028 2417 1159 2508 άποβα-
1193 2447 1196 2452 ·

200 2527 318 2610 τηρίου
336 2522 394 2590 καὶ
415 2518 561 2608 Ἀθηνᾶς
587 2519 643 2588 καὶ
662 2517 880 2608 Ἡρακλέους·
907 2519 1097 2590 ἀνελθόντα
1121 2521 1160 2591 δέ

203 2626 236 2704 ἐς
253 2621 358 2692 Ἴλιον
383 2626 426 2710 τῆ
451 2649 487 2692 τε
511 2616 639 2711 Ἀθηνᾷ
662 2625 767 2690 θῦσαι
791 2625 834 2711 τῆ
856 2619 987 2708 Ἰλιάδι,
1018 2622 1076 2690 καὶ
1097 2621 1160 2708 τῆν

131 2777 133 2781 -
202 2730 394 2793 πανοπλίαν
419 2721 482 2810 τῆν
506 2721 612 2811 αῦτοῦ
636 2719 816 2790 άναθεΐναι
842 2724 876 2801 ἐς
899 2720 960 2790 τόν
980 2721 1080 2808 νεάν,
1102 2723 1159 2790 καὶ
1171 2748 1197 2789 τε

201 2832 360 2894 καθελεῖν
378 2818 455 2893 άντλ
477 2823 600 2910 ταύτης
621 2827 691 2891 τῶν
714 2826 817 2911 ίερωυ
834 2849 908 2890 τινα
926 2819 1041 2891 ὅπλων
1059 2828 1106 2892 ἐτι
1125 2825 1160 2891 ἐκ

168 2935 185 2985 8
203 2931 263 2994 τοῦ
278 2929 431 3013 Τρωικοῦ
438 2929 543 3016 Ιἔργου
557 2922 734 3010 σωζόμενα.
753 2921 927 3016 καὶταῦτα
941 2922 1161 3009 λέγουσινὸτι

202 3031 238 3096 ολ
247 3024 456 3096 ὑπασπισταὶ
470 3029 592 3112 ἔφερον
601 3021 665 3110 πρό
680 3020 786 3092 αὐτοῦ
801 3024 834 3102 ές
846 3021 905 3103 τάς
918 3023 1037 3112 μάχας,
1054 3028 1162 3092 θῦσαι

203 3127 242 3195 δέ
266 3123 371 3195 αὐτόν
388 3125 444 3192 καὶ
463 3120 604 3214 Πριάμῳ
623 3123 678 3191 ἐπὶ
694 3127 756 3191 τοῦ
779 3125 898 3210 βωμοῦ
920 3130 981 3192 τοῦ
999 3122 1082 3205 Διός
1099 3129 1160 3193 τοῦ

109 3255 113 3264 ·
198 3225 346 3317 Ἑρκείου
373 3224 472 3311 λόγος
496 3225 642 3310 κατέχει,
666 3227 769 3311 μῆνιν
793 3220 950 3313 Πριάμου
977 3223 1200 3313 παραιτοῦ-ιο
1278 3227 1279 3294 ἶ

203 3354 306 3417 μενον
331 3331 378 3419 τῷ
403 3325 641 3413 Νεοπτολέμου
671 3327 772 3412 γένει,
799 3320 818 3392 δ
841 3323 884 3412 δῆ
909 3326 942 3405 ἐς
968 3322 1074 3395 αῦτδν
1096 3353 1160 3395 κα·

202 3433 318 3517 θῆκεν.
390 3481 393 3488 »
