2620 3924
195 39 209 74 δ

473 157 658 210 mmmm
675 161 706 222 ι,
723 160 764 212 νο.
1039 152 1100 220 147

134 297 172 361 δὲ
196 295 230 373 ἐς
251 299 349 378 μειξω
373 297 421 360 ἔτι
443 298 582 380 λίμνην,
605 293 667 380 τὴν
690 297 1098 380 καίουμίνηνΜαιοῖτιν·

135 395 191 462 καὶ
218 394 277 462 τόν
304 395 432 461 Τάναϊν
459 401 581 461 τοῦτον
604 396 691 462 είσὶν
719 399 752 462 οἳ
778 395 859 482 ὅρον
883 399 1018 461 ποιοῦσι
1041 399 1101 477 τῆς

129 495 240 574 Ἀσίας
271 496 328 562 καὶ
354 502 413 581 τῆς
440 495 624 582 Εὐροίπης,
654 489 704 575 οἷς
731 495 772 581 δή
800 494 866 562 ὐπό
897 499 959 562 τοῦ
990 482 1136 579 μυχούε

133 601 194 662 τού
220 599 351 664 πόντον
384 602 444 662 τοῦ
472 595 638 676 Εὐξείνου
665 597 686 682 η
714 601 814 681 λίμνη
837 620 872 662 τε
898 588 918 680 ἡ
947 600 1101 673 Μαιῶτις

105 699 190 766 ικαὶ
221 697 238 762 ὁ
269 698 303 775 ἐς
332 699 458 783 ταύτην
490 699 587 777 ἐξιεὶς
622 699 769 784 ποταμὸς
799 697 817 762 ό
851 699 974 776 Τάναϊς
1002 687 1102 774 οὗτος

17 857 24 866 .
133 801 273 884 διείργει
294 797 356 882 τὴν
375 798 489 865 Ἀσίαν
511 823 547 864 τε
569 802 626 865 καὶ
648 799 710 884 τήν
732 797 920 884 Εὐράπην,
944 792 1100 882 καθάπερ

101 897 152 982 «ἡ
180 899 264 964 κατά
290 901 444 985 Γάδειρά
470 924 505 966 τε
532 899 589 966 καὶ
613 900 691 977 τούς
720 900 900 984 άντιπίρας
925 900 1101 983 Γαδείρων

131 1004 264 1084 Λίβυας
284 998 364 1078 τούς
380 1003 544 1084 Νομάδας
565 997 725 1068 θάλασσα
747 1001 809 1086 τήν
823 1001 957 1086 Λιβύην
979 991 1022 1065 αὐ
1043 998 1101 1064 καὶ

132 1099 196 1185 τήν
224 1098 396 1187 Εὐρώπην
430 1103 585 1185 διείργει,
620 1095 670 1178 οἷς
702 1125 741 1186 γε
770 1101 812 1187 δὴ
839 1099 860 1186 ἡ
888 1103 999 1184 Λιβύη
1033 1097 1100 1166 άπδ

93 1230 119 1270 ιο
132 1206 191 1286 τῆς
202 1199 313 1280 Ἀσίας
334 1207 392 1288 τῆς
412 1202 516 1287 άλλης
535 1206 583 1288 τῷ
597 1207 711 1290 Νείλῳ
726 1209 863 1292 ποταμῷ
880 1203 1098 1287 διακέκριται,

215 1303 382 1369 Ἐνταῦθα
404 1301 717 1380 ἀποσκεδασθέντες
739 1306 827 1382 τινὲς
848 1310 917 1370 τῶν
938 1306 1098 1369 Μακεδό-
1118 1320 1153 1371 10

132 1427 204 1470 νων
217 1404 251 1480 ἐς
262 1402 439 1490 προνομήν
451 1405 718 1470 κατακόπτονται
729 1403 813 1490 πρός
824 1409 892 1471 τόν
904 1405 1099 1491 βαρβάρων·

133 1506 168 1570 οί
186 1505 224 1571 δὲ
246 1507 432 1590 δράσαντες
448 1507 486 1570 τὸ
502 1509 604 1589 ἔργον
618 1504 796 1590 ἀπέφυγον
817 1507 852 1584 ἐς
873 1505 952 1590 όρος
973 1507 1100 1591 τραχό-

132 1629 234 1671 τατον
255 1608 311 1671 καί
340 1607 448 1690 πάντη
473 1604 655 1690 ἀπότομον·
679 1597 767 1692 ἦσαν
790 1609 828 1673 δὲ
850 1606 888 1673 τδ
911 1610 1042 1692 πλῆθος
1065 1606 1101 1686 ἐς

94 1732 119 1772 15
133 1711 362 1791 τρισμυρίους.
418 1708 475 1772 καί
508 1707 563 1773 ἐπὶ
596 1707 738 1785 τούτους
768 1705 985 1793 Ἀλέξανδρος
1021 1706 1101 1784 τούς

133 1807 368 1891 κουφοτάτους
394 1813 453 1892 τῆς
480 1813 638 1893 στρατιάς
666 1806 849 1892 άναλαβύν
875 1801 970 1891 ἦγεν.
1012 1811 1099 1876 ἔνθα
1116 1822 1149 1874 11

72 1979 80 2006 ,Χ
134 1907 175 1992 δή
199 1909 386 1992 προσβολαὶ
410 1908 533 1974 πολλαὶ
556 1907 730 1992 ἐγίγνοντο
752 1920 821 1986 τοῖς
843 1911 1043 1976 Μακεδόσιν
1065 1909 1100 1988 ἐς

132 2010 171 2076 τό
194 2008 284 2094 ὄρος·
313 2008 370 2075 καὶ
391 2007 432 2073 τά
453 2010 517 2092 μὲν
540 2013 657 2095 προῖτα
680 2007 910 2095 άπεκρούοντο
932 2011 1099 2095 βαλλόμε-

133 2134 187 2176 νοι
210 2108 247 2177 ἐκ
270 2115 338 2176 τόν
359 2107 560 2195 βαρβάρων,
590 2108 646 2175 καὶ
674 2108 771 2176 ἄλλοι
795 2135 832 2178 τε
853 2112 973 2178 πολλοὶ
994 2136 1099 2196 τραυ·

94 2237 120 2277 ιο
133 2216 248 2296 ματίαι
264 2209 419 2294 ἐγένοντο
432 2210 488 2276 καὶ
504 2208 604 2288 αὐτός
615 2209 830 2298 Ἀλέξανδρος
846 2211 878 2292 ἐς
893 2212 954 2299 τὴν
965 2212 1102 2298 κνήμην

134 2314 304 2390 τοξεύεται
325 2309 470 2397 διαμπάξ
493 2310 549 2376 καί
565 2318 629 2397 ’τῆς
650 2314 796 2398 περόνης
815 2337 847 2378 τι
866 2312 1100 2398 ἀποθραύεται

134 2412 225 2499 αὐτῷ
247 2411 283 2479 ἐκ
305 2417 367 2478 τοῦ
388 2413 597 2498 τοξεύματος.
632 2411 718 2478 cmo}
740 2417 796 2479 καὶ
817 2411 864 2492 οδς
884 2417 986 2500 ἔλαβέ
1004 2439 1040 2482 τε
1060 2411 1102 2482 τό

135 2518 262 2599 χωρίον
295 2514 351 2580 καί
379 2514 654 2599 τῶνβαρβάρων
679 2517 716 2580 οί
739 2517 801 2598 μὲν
823 2513 929 2581 αὐτοῦ
956 2517 1099 2583 κατεκό-

134 2633 247 2699 πησαν
269 2617 354 2700 πρὸς
377 2621 446 2681 των
469 2616 700 2698 Μακεδόνων,
731 2617 851 2682 πολλοὶ
873 2617 911 2685 δὲ
932 2621 989 2684 καί
1011 2615 1098 2684 κατά

94 2721 204 2783 τιτῶν
237 2723 370 2800 πετρῶν
404 2717 562 2801 ῥίψαντες
595 2721 683 2800 σφᾶς
716 2715 907 2801 άπέθανον,
944 2712 1029 2786 ὥστε
1060 2720 1100 2788 ἐκ

134 2822 342 2904 τρισμυρίων
364 2815 406 2884 οὐ
428 2822 565 2895 πλείους
587 2816 809 2904 ἀποσωθῆναι
830 2816 1096 2907 ὀκτακισχιλίων.

514 3117 716 3132 amr·
