2546 3920
181 133 249 199 304
524 129 777 192 ΑΛΕΞΔΝᾹΡΟΤ

178 319 261 380 τερα
277 295 340 361 τοῦ
354 289 465 361 Ἰνδοῦ
482 291 523 360 τά
548 289 694 374 στόματα
714 289 912 378 ἐμβαλόντα,
939 291 996 358 καί
1015 286 1073 358 διά
1090 291 1149 376 τής

181 398 380 481 Γαδρωσίας
393 397 452 481 τῆς
463 393 589 482 ἐρήμου
605 390 760 478 ἐλθόντα,
775 383 797 480 6
811 389 925 472 οὐδείς
934 417 987 459 πω
996 390 1149 479 πρόσθεν

179 493 245 576 ξάν
262 499 402 584 στρατιᾷ
420 487 516 580 ήλθε,
534 493 590 562 καλ
605 499 806 580 Καρμανίαν
826 495 863 561 ἐν
881 491 1021 585 παρόδω
1039 510 1146 578 προσ·

179 595 389 683 κτησάμενον
407 596 465 663 καλ
493 594 554 682 τήν
569 588 726 680 Ὠρειτῶν
750 598 827 680 γῆν,
847 591 1147 680 περιπεπλευκότος

179 695 220 766 δέ
244 695 310 789 ήδη
334 689 426 788 αὐτῷ
450 697 512 764 τοῦ
537 697 700 764 ναυτικοῦ
717 690 779 781 τήν
796 690 857 762 ἀπ’
875 692 993 764 Ἰνδῶν
1009 695 1072 780 γῆς
1098 699 1168 774 είςτ

180 799 315 885 Πέρσας
351 795 547 883 θάλασσαν,
586 792 631 875 ὥς
670 799 717 875 είς
751 798 870 864 Σοῦσα
909 792 1145 881 ἐπανηγάγετε,
1242 845 1243 852 ι

177 895 400 978 ἀπολιπόντες
427 907 580 985 οἴχεσθε,
612 894 817 983 παραδόντες
856 895 1043 983 φυλάσσειν
1076 907 1145 974 τοῖς
1242 913 1243 916 ’

178 999 404 1086 νενικημένοις
420 997 614 1122 βαρβάροις.
654 1001 760 1066 ταῦτα
777 997 861 1084 άμῑν
878 996 935 1064 καὶ
952 993 1036 1083 πρός
1056 992 1146 1064 άνθ-
1243 998 1244 1082 ή

180 1099 304 1188 ροέπων
338 1108 418 1179 ἴσως
450 1096 572 1168 εὐκλεᾶ
598 1099 655 1167 καὶ
682 1095 768 1187 πρός
802 1101 894 1166 θεῶν
926 1095 1002 1165 ὅσια
1033 1095 1145 1184 δήπου
1243 1113 1244 1118 ’

181 1205 271 1269 ἔσται
297 1198 563 1287 ἀπαγγελθέντα
603 1198 706 1268 ἄπιτε.
1159 1230 1182 1268 ιο

131 1311 170 1372 ll
264 1305 377 1372 Ταῦτα
402 1299 509 1370 είπιδν
534 1299 745 1388 κατεπήδησέ
764 1325 799 1367 τε
824 1295 890 1368 άπό
918 1323 978 1367 του
966 1265 1146 1387 βήματος
1244 1318 1245 1350 ¹

179 1399 282 1484 ὀξέως
299 1402 356 1469 καλ
375 1405 409 1482 ές
426 1400 467 1469 τά
485 1409 637 1489 βασίλεια
650 1396 886 1517 παρελθάν”
844 1425 921 1468 ουτε
936 1399 1146 1486 ἐθεράπευσε

179 1501 217 1570 τό
244 1506 342 1589 σωμα
367 1499 445 1570 οὔτε
471 1528 519 1594 τῳ
546 1501 646 1590 ὤφθη
672 1503 741 1569 τοῖν
766 1503 921 1589 ἑταίρων·
966 1497 1042 1568 ἀλλ’
1063 1497 1146 1568 οὐδέ

180 1604 215 1682 ἐς
232 1600 294 1689 τήν
317 1601 501 1691 ὑστεραίαν
520 1599 629 1691 άφθη.
673 1606 716 1691 τῇ
733 1608 829 1690 τρίτη
848 1599 886 1669 δὲ
903 1602 1046 1681 καλέσας
1065 1611 1145 1670 εἴσω

179 1706 249 1771 τῶν
259 1708 404 1790 Περσων
416 1703 498 1783 τους
513 1704 706 1782 ἐπιλέκτους
719 1703 777 1781 τάς
787 1727 821 1769 τε
834 1699 1013 1788 ἡγεμονίας
1027 1701 1144 1782 αὐτοῖς
1159 1725 1183 1766 15

178 1807 250 1872 τῶν
275 1803 400 1885 τάξεων
426 1805 569 1892 διένειμε
594 1804 650 1871 καὶ
668 1801 771 1882 ὅσους
789 1817 965 1888 συγγενεῖς
983 1800 1146 1890 άπέφηνε,
1178 1814 1179 1817 ’

145 1923 161 1971 2
179 1902 307 1984 τούτοις
332 1904 371 1974 δέ
387 1903 530 1994 νόμιμον
549 1907 684 1991 ἐποίησε
701 1911 814 1990 φιλεῖν
831 1901 938 1971 αὐτόν
955 1903 1078 1989 μόνοις.
1114 1908 1149 1971 οέ

179 2004 218 2074 δέ
232 2004 430 2084 Μακεδόνες
456 2012 495 2074 ἐν
520 2033 557 2076 τε
582 2010 628 2096 τῷ
646 2010 836 2093 παραυτίκα
853 2002 1060 2084 άκοάσαντες
1077 2008 1147 2072 τῶν

179 2104 289 2192 λόγων
316 2105 581 2193 ἐκπεπληγμένοι
607 2110 686 2195 σιγή
705 2110 825 2193 ἔμενον
851 2103 958 2173 αὐτοῦ
984 2103 1069 2192 πρὸς
1096 2109 1145 2196 τῷ

178 2205 300 2295 βήματι
325 2200 413 2275 οόδέ
426 2233 475 2286 τις
491 2205 754 2332 ήκρλοήθησε
721 2210 770 2273 τιό
787 2213 920 2294 βασιλεῖ
934 2202 1145 2274 άπαλλαττο-
1159 2231 1185 2268 ω

178 2303 307 2398 μέυῳ“
287 2331 338 2374 οτι
353 2333 399 2395 μη
388 2305 483 2375 oc’
463 2306 549 2395 αμφ’
569 2306 674 2377 αὐτόν
689 2309 817 2394 ἑταῖροί
828 2332 863 2374 τε
875 2332 932 2374 και
920 2306 981 2376 οί
991 2327 1146 2430 σφματο-

179 2405 344 2528 φύλακες·
371 2433 390 2474 ο
394 2407 461 2476 ίδε
478 2407 659 2477 πολλολ”
615 2435 694 2477 ουτε
711 2408 866 2508 μένοντες
880 2404 899 2475 ὅ
912 2433 942 2475 τι
955 2407 1147 2534 πράττφσιν

143 2524 161 2572 3
179 2535 200 2595 η
184 2503 361 2593 ’“λέγωσιν
379 2506 542 2596 είχον,”
500 2535 578 2578 ουτε
595 2495 868 2578 ἀπαλλάσσεσθαι
885 2505 1019 2593 ήθελον.
1046 2535 1091 2588 ως
1106 2507 1146 2576 δέ

178 2609 219 2676 τά
236 2611 380 2696 Περσων
396 2635 432 2678 τε
448 2635 506 2678 και
495 2609 654 2697 Μήδων
671 2608 788 2688 αὐτοις
807 2609 1093 2697 έξηγγέλλετο,”
1056 2635 1090 2677 αι
1109 2634 1146 2678 τε

178 2707 355 2796 ήγεμονιάι
373 2710 520 2800 Πέρσαις
546 2710 720 2798 διδόμεναι
742 2737 799 2778 και
824 2709 846 2795 6
865 2708 1001 2799 στρατιά
1019 2737 1041 2797 η
1030 2707 1145 2796 ’βαρ-
1160 2739 1190 2778 ετ

179 2808 299 2897 βαρική
332 2811 366 2891 ἐς
392 2810 514 2900 λόχους
539 2837 576 2880 τε
601 2810 848 2899 καταλεγομένη
874 2811 930 2878 καὶ
956 2809 997 2879 τά
1025 2818 1146 2880 Μακε-

179 2909 297 2978 δονικά
315 2909 464 2999 ὀνόματα
483 2911 597 3000 άγημά
613 2939 644 2981 τι
658 2910 828 3001 Περσικόν
845 2911 1068 2999 καλούμενον,
1085 2911 1146 2980 καὶ

168 3011 360 3099 ’πεζέταιροι
377 3013 506 3099 Πέρσαι
531 3013 589 3080 καὶ
606 3011 871 3103 ἀργυρασπίδων
888 3011 977 3094 τάξις
996 3011 1146 3100 Περσική

180 3109 237 3176 καὶ
262 3107 284 3195 6
310 3115 379 3180 τῶν
407 3113 548 3201 ἑταίρων
574 3116 691 3202 ἵππος,
717 3114 774 3182 καί
792 3111 915 3200 ταάτης
932 3111 1015 3181 ἄλλο
1032 3111 1147 3200 ἄγημα

144 3224 163 3272 4
180 3210 364 3297 βασιλικόν,
379 3211 493 3281 οὐκέτι
506 3215 660 3302 καρτεροί
671 3205 880 3301 σφαῖνήσαν·
899 3210 985 3281 ἄλλά
996 3215 1145 3302 ξυνδρα·
1160 3247 1190 3286 οο

180 3307 301 3393 μόντες
319 3303 365 3404 τός
383 3310 467 3398 πρός
484 3311 527 3380 τά
544 3321 698 3399 βασίλεια
714 3314 755 3382 τδι
771 3313 834 3401 μέν
852 3310 939 3382 όπλα
952 3313 1060 3382 αότοῦ
1077 3312 1145 3400 πρό

180 3409 252 3474 τῶν
268 3413 389 3495 θυρεόν
407 3412 600 3500 ἐρρίπτουν,
619 3417 788 3500 ἱκετηρίας
800 3413 923 3494 ταότας
937 3419 985 3507 τῷ
998 3421 1145 3502 βασιλεῖ·
