2546 3920
217 139 284 206 288
570 136 821 200 ΔΛΕΞΔΝΔΡΟΤ

219 299 285 388 μὲν
318 283 414 368 ἄλλα·
439 295 687 386 καταλαμβάνει
720 297 975 386 ἐκπεφορημένα
1008 295 1102 383 πλήν
1135 303 1193 384 τῆς

222 401 352 470 πυέλου
385 399 442 468 καλ
467 403 526 486 τῆς
553 405 688 484 κλίνης·
724 401 760 465 οί
790 389 829 466 66
854 399 911 466 καί
936 396 975 466 τό
1003 403 1105 486 σῶμα
1130 402 1191 468 τοῦ

210 500 344 594 ,Κύρου
362 499 586 588 ἐλωβήσαντο,
604 494 786 586 ἀφελόντες
803 495 841 566 τό
861 503 961 586 πῶμα
973 503 1034 585 τῆς
1047 498 1193 586 πυέλου,

222 603 280 672 καί
312 602 374 672 τόν
407 601 530 688 νεκρὸν
557 600 730 686 ἐξέβαλον·
774 593 884 686 αύτήν
907 598 946 668 66
971 598 1036 684 τήν
1062 596 1193 669 πύελον

224 705 404 792 ἐπειρῶντο
417 699 561 788 εὔογκόν
574 720 666 787 σφισι
678 699 882 787 ποιήσασθαι
894 701 951 768 καλ
964 698 1073 790 ταύτῃ
1084 698 1189 788 εύφο-
1212 728 1221 766 ⁵

224 829 286 894 ρον
298 801 339 872 τά
357 802 421 890 μὲν
435 800 719 889 παρακόπτοντες,
736 799 778 870 τά
791 799 830 870 δέ
843 803 1061 882 ξυνθλῶντες
1075 800 1190 887 αὐτῆς.

225 901 271 984 οἱς
297 903 336 973 66
361 901 403 972 06
429 900 620 992 προύχάρει
637 899 754 981 αὐτοῖς
778 906 881 970 τοῦτο
901 903 939 969 τδ
958 905 1073 991 ἐργον,
1102 899 1192 972 οὕτω

175 1016 208 1067 10
225 1003 268 1091 66
283 1004 449 1083 ἐάσαντες·
458 1003 521 1091 τήν
534 1002 661 1072 πύελον
674 999 839 1089 ἀπῆλθον.
866 1002 924 1071 καί
937 1003 1026 1089 λέγει
1036 999 1192 1091 Ἀριστό-

223 1111 346 1192 βουλος
372 1101 474 1185 αότός
499 1105 666 1192 ταχθῆναι
686 1101 771 1191 πρός
785 1097 1008 1192 Ἀλεξάνδρου
1026 1109 1194 1192 κοσμῆσαι

161 1291 164 1298 ¹
225 1203 306 1286 6‘
284 1207 438 1294 υπαρχής
460 1207 508 1297 τό
528 1203 633 1321 Κύρφ
651 1203 710 1272 τόν
726 1203 850 1290 τάφον·
885 1203 942 1273 καὶ
958 1228 1019 1273 του
1007 1203 1116 1292 μὲν
1123 1204 1193 1274 σοι’-
1206 1235 1223 1273 ιι

223 1333 326 1394 ματος
352 1298 479 1398 666st
499 1312 547 1376 ἐτι
567 1306 640 1374 σῶα
656 1296 700 1392 ἦν
716 1315 916 1374 καταθεῖναι
933 1308 967 1384 ἐς
983 1301 1047 1393 τήν
1064 1304 1194 1375 πύελον

224 1407 282 1475 καὶ
314 1406 354 1475 τό
387 1409 487 1496 πόμα
514 1409 695 1476 ἐπιθεῖναι·
735 1399 798 1474 οσα
823 1404 862 1474 66
888 1404 1056 1492 λελώβητο
1083 1403 1194 1494 αὐτῆς

224 1511 452 1597 κατορθῶσαι·
485 1508 543 1575 καὶ
568 1504 631 1593 τήν
656 1509 777 1594 κλίνην
804 1508 948 1577 ἐντεῖναι
971 1512 1117 1586 ταινίαις
1136 1508 1194 1576 καὶ

223 1599 328 1676 τᾶλλα
361 1605 425 1676 ὅσα
452 1609 485 1688 ἐς
510 1605 638 1696 κόσμον
666 1613 769 1676 ἔκειτο
795 1605 867 1675 κατ’
896 1603 1108 1695 άριθμόνίτε
1136 1609 1193 1677 καὶ

223 1723 295 1788 τοῖς
326 1707 430 1777 πάλαι
460 1706 558 1797 ὅμοια
589 1705 768 1778 ἀποθεῖναι
798 1707 856 1776 καί
890 1706 952 1794 τήν
984 1712 1118 1798 θυρίδα
1155 1708 1222 1779 δέιε

224 1807 387 1896 άφανίσαι
411 1806 453 1878 τά
479 1809 542 1896 μὲν
567 1805 672 1896 αὐτῆς
697 1813 785 1900 λίθῳ
804 1807 1124 1896 ἐνοικοδομήσαντα,
1151 1809 1191 1878 τά

224 1908 263 1979 66
288 1915 383 2002 πηλῷ
411 1908 640 1999 ἐμπλάσαντα·
672 1909 730 1977 καὶ
759 1911 930 1998 ἐπιβαλεῖν
954 1913 1003 2000 τῷ
1029 1915 1129 2002 πηλῷ
1156 1909 1191 1980 τό

147 2075 150 2082 ς
175 2019 205 2070 11
225 2025 364 2098 σημείου
380 2009 417 2078 τό
435 2008 615 2096 βασιλικόν.
635 2007 852 2098 Ἀλέξανδρος
865 2008 903 2078 66
915 2009 1097 2096 ξυλλαβών
1108 2008 1191 2090 τούς

225 2109 370 2196 Μάγους
394 2110 475 2190 τοός
501 2109 657 2198 φύλακας
677 2113 738 2179 τοῦ
756 2109 868 2197 τάφου
887 2111 1127 2199 ἐστρέβλωσεν,
1148 2111 1191 2192 τός
1248 2145 1249 2179 ι

223 2225 393 2280 κατειπεῖν
417 2209 498 2290 τούς
524 2209 728 2300 δράσαντας·
764 2215 801 2280 οί
816 2209 855 2280 δέ
870 2209 975 2280 ου’δὲν
992 2209 1073 2280 οὔτε
1092 2217 1221 2300 σφῶνεο

223 2308 301 2380 οὔτε
326 2308 432 2382 άλλου
459 2324 618 2380 κατεῖπον
640 2311 909 2400 στρεβλούμενοι,
935 2310 1018 2380 ούδέ
1035 2307 1126 2402 άλλη
1146 2312 1191 2400 πή

225 2413 460 2500 ἐξηλέγχοντο
490 2410 680 2494 ξυνειδότες
710 2416 759 2504 τῷ
792 2417 896 2505 ἐργςο·
938 2412 996 2481 καὶ
1022 2412 1079 2482 ἐπὶ
1104 2419 1193 2507 τῷδε

112 2589 117 2600 ,
223 2511 417 2602 ἀφείθησαν
444 2513 477 2594 ἐξ
501 2509 733 2602 Ἀλεξάνδρου.
940 2567 944 2574 .

171 2619 216 2687 30
291 2611 417 2690 Ἔνθεν
443 2613 481 2683 66
508 2615 542 2694 ἐς
567 2613 608 2682 τά
625 2620 707 2700 βασί
706 2611 817 2683 λεια”
794 2640 846 2736 ηει
862 2612 903 2682 τά
921 2611 1132 2702 Περσῶν,“
1106 2643 1131 2682 α
1151 2613 1193 2700 δή

223 2712 375 2837 πρόσθεν
408 2714 609 2838 κατέφλεξεν
635 2703 750 2800 αότός,
786 2710 831 2793 όός
856 2740 912 2838 μοι
937 2713 1159 2801 λέλεκται,”
1138 2742 1222 2787 οτευ

223 2810 289 2886 ούκ
307 2813 510 2905 ἐπῄνουν
473 2841 512 2884 το
532 2820 646 2905 ἐργον·
673 2809 750 2883 ἀλλ’
765 2809 842 2882 066⁹
859 2813 963 2895 αότός
973 2809 1192 2904 Ἀλέξανδρος

82 2947 87 2957 ·
223 2915 423 2986 ἐπανελθών
450 2913 574 3004 ἐπήνει.
610 2915 668 2984 καὶ
693 2913 756 3002 μὲν
783 2912 826 3000 66
852 2915 910 2984 καὶ
935 2913 1019 2983 κατά
1036 2914 1192 3006 Ὀρξίνου

223 3017 343 3085 πολλοὶ
372 3015 467 3104 λόγοι
497 3015 683 3104 ἐλέχθησαν
717 3011 803 3104 πρός
830 3019 1006 3106 Περσῶν,
1042 3011 1082 3096 ὃς
1112 3009 1193 3103 ἦρξε

188 3121 369 3206 αΠερσοόν
395 3113 510 3205 ἐπειδὴ
543 3115 764 3206 Φρασαόρτης
791 3116 996 3204 ἐτελεύτησε.
1027 3117 1087 3184 καί
1115 3120 1192 3204 ἐξη·
1244 3145 1245 3227 6

117 3287 125 3303 ,
222 3217 348 3304 λε’γχθη
363 3214 455 3305 ’ίΟρξ
453 3243 514 3304 νης
542 3215 615 3306 ίερά
639 3243 676 3286 τε
702 3213 753 3284 ὅτι
779 3215 953 3304 σεσυλήκει
978 3217 1036 3286 καὶ
1060 3216 1221 3306 τάφουςς

221 3317 428 3403 βασιλικούς,
453 3318 511 3384 καὶ
536 3318 678 3405 Περσῶν
702 3310 896 3394 πολλούς”
876 3343 928 3386 οτι
953 3315 994 3386 06
1019 3315 1084 3398 ξύν
1110 3323 1193 3409 δίκη

222 3413 403 3483 άπεκτεινε.
443 3415 565 3482 τοῦτον
590 3413 653 3501 μὲν
679 3414 722 3503 66
740 3409 791 3494 οἷς
810 3410 972 3504 ἐτάχθη“
950 3417 1020 3486 υπδ
1036 3413 1194 3500 Ἀλεξάν-
