2546 3920
116 93 138 136 ⁶
449 147 634 200 ειτεεεειε
651 152 678 215 τ,
697 151 737 202 12.
1009 151 1072 217 307

104 301 259 394 μίνοις”
236 329 332 388 αγειν
350 301 554 392 Μακεδόνας
570 309 639 374 τοῖν
656 303 873 432 ἀκμαζόντων
890 308 1073 378 ἐκέλευσεν.

106 411 227 474 ἔστειλε
254 403 293 473 δέ
319 404 377 472 καὶ
402 405 733 492 Πολυσπέρχοντα*
715 409 800 527 ομοῦ
827 411 874 498 τῷ
898 413 1073 503 Κρατέρφ,

105 501 266 628 δεότερον
292 502 377 574 δὲ’
357 503 424 574 απδ
443 505 662 595 Κρατέρου’
642 508 802 594 ηγεμόνα,
830 506 875 588 οἱς
893 519 927 578 εί
940 536 971 578 τι
987 510 1072 578 κατὰ

104 632 166 729 την
192 611 334 693 πορείαν
352 607 514 697 Κρατέρῳ
540 605 778 695 ξυμπίπτοι,”
759 635 810 677 οτι
834 609 890 676 καὶ
914 615 1072 697 μαλακῶς

57 732 74 774 ε
104 705 142 776 τὰ
161 710 258 796 σῶμα
273 712 390 793 ἔχοντα
403 705 658 796 άπέπεμπεν’
613 707 732 796 αυτόν,
749 709 795 796 μὴ
808 715 957 796 ποθῆσαι
969 732 1072 801 στρα-

105 804 210 896 τηγόν
236 805 316 887 τούς
344 805 466 887 ἰόντας.

182 905 292 1030 Λόγος
327 907 368 976 δέ
390 935 439 988 τις
464 909 522 976 καὶ
549 898 649 990 οὗτος
676 906 841 996 ἐφοίτα’
820 883 954 1000 666663
980 886 1107 1002 παράο

104 1022 177 1087 τοῖς
209 1007 249 1076 τά
291 1007 446 1096 βασιλικά
479 1008 677 1096 πράγματα,
717 1009 787 1102 666
824 1012 1072 1100 ἐπικρύπτεται,

104 1112 234 1199 τοσῷδε
251 1105 504 1196 φιλοτιμότερον
531 1111 774 1198 ἐξηγουμένοις,
806 1111 924 1180 καί
888 1139 927 1181 το
953 1113 1073 1182 πιστόν

61 1236 91 1275 ιο
107 1212 141 1290 ἐς
167 1208 204 1277 τό
231 1223 345 1296 γείρρν
371 1211 513 1296 μᾶλλον,
539 1202 564 1299 6
589 1211 627 1278 τδ
656 1209 746 1290 είκός
772 1238 808 1280 τε
834 1213 891 1281 καὶ
916 1207 1073 1298 ἡαάτιόν

105 1316 275 1398 μοχθηρία
308 1307 400 1396 άγει,
439 1305 461 1396 6
495 1308 579 1398 πρός
610 1308 648 1378 τό
683 1309 810 1400 άληθὲς
844 1315 1072 1403 ἐκτρέπουσιν,

107 1409 336 1498 ἐξηττώμενον
352 1407 572 1498 Ἀλέξανδρον
597 1408 661 1499 ἤδη
686 1417 745 1500 τῆς
770 1413 893 1501 μητρός
910 1416 979 1482 τάν
997 1420 1074 1484 δια-

105 1514 220 1598 βολῶν
245 1514 315 1580 τάν
343 1513 376 1591 ἐς
399 1508 632 1600 Ἀντίπατρον,
666 1510 853 1594 ἀπαλλάξαι
880 1515 1009 1584 ἐθέλειν
1036 1517 1073 1584 ἐκ

106 1615 327 1734 Μακεδονίας
338 1605 569 1700 Ἀντίπατρον.
603 1613 661 1681 καὶ
678 1613 783 1740 τυχόν
801 1613 866 1682 οάκ
885 1612 956 1694 ἐς’
936 1622 1107 1703 ατιμίαν6

64 1738 93 1778 15
107 1710 170 1799 666
192 1709 413 1831 Ἀντιπάτρου
439 1705 460 1799 6
486 1711 695 1827 μετάπεμψις
712 1713 818 1783 αὐτοῦ
837 1721 967 1828 ἔφερεν,
995 1714 1070 1785 ἄλλ’

104 1808 155 1890 οδς
167 1807 213 1898 66
225 1835 257 1878 τι
272 1810 361 1878 ἐτ’
322 1834 381 1893 της
394 1809 561 1930 διαφορᾶς
574 1801 692 1885 αὐτοῖς
706 1804 874 1891 γένοιτο”
852 1834 950 1891 αχοιρι
966 1808 999 1884 ἐς
1013 1806 1075 1874 άλ-

108 1908 300 1997 λήλουςκαὶ
316 1907 477 1977 οὐδέν’
434 1933 527 1997 αυτφ
515 1907 682 2028 ίηίσιμον.
706 1906 778 1974 ἐπεὶ
793 1905 925 1975 οὐδευ’
909 1907 1076 1975 επαάοντο

102 2007 311 2098 Ἀλεξάνδρῳ
337 2003 525 2093 γράφοντες
551 2029 570 2072 ο
560 2001 712 2092 ’μὲν
674 2031 737 2090 την
755 2001 943 2072 αὐθάδειάν
960 2029 996 2072 τε
1013 2007 1073 2089 τῆς

102 2107 328 2196 Ὀλυμπιάδος
363 2107 419 2174 καὶ
452 2103 597 2192 ὀξύτητα
636 2104 693 2173 καὶ
727 2102 1073 2191 πολυπραγμοσύνην,

67 2207 228 2296 εοῆκιστα
255 2206 297 2296 66
323 2211 366 2296 τη
388 2205 613 2294 Ἀλεξάνδρου
630 2206 732 2293 μητρὶ
758 2201 961 2292 εὐσχήμονα,
989 2202 1074 2272 ὥστε

107 2311 165 2383 καὶ
192 2308 292 2396 λόγος
317 2334 366 2388 τις
392 2307 526 2377 τοιόσδε
554 2305 689 2394 ἐφέρετο
703 2301 927 2392 Ἀλεξάνδρον
947 2301 1001 2390 ἐφ’
1022 2299 1074 2384 οἷς

106 2408 196 2498 ὑπὲρ
228 2412 287 2495 τῆς
319 2405 443 2496 μητρός
469 2404 561 2499 αὐτῷ
587 2407 817 2493 ἐξηγγέλλετο,
851 2405 939 2492 βαρδ
967 2403 1009 2491 66
1036 2402 1074 2472 τδ

109 2511 255 2578 ἐνοίκιον
280 2513 350 2576 τῶν
376 2508 457 2576 δέκα
473 2509 591 2594 μηνῶν
611 2507 871 2594 εἰσπράττεσθαι
888 2503 995 2574 αότδν
1012 2505 1075 2592 τὴν

108 2610 249 2697 μητέρα·
293 2606 314 2694 6
342 2609 392 2694 δέ,
417 2605 607 2694 ὑπέρογκον
634 2605 720 2680 εἶναι
746 2611 787 2696 τῇ
814 2634 850 2676 τε
867 2605 1000 2686 α’ξιιόσει
1017 2608 1109 2674 καὶλ

68 2734 96 2775 ει
110 2715 151 2796 66
179 2705 266 2796 άλλη
284 2715 450 2797 θεραπείᾳ
465 2701 684 2792 Ἀντίπατρον
702 2705 783 2775 6666
800 2710 990 2792 μεμνῆσθαι
1014 2710 1076 2774 τοῦ

109 2807 376 2895 καταστήσαντος
394 2813 455 2894 ἔτι,
480 2802 556 2874 ἄλλ’
572 2803 677 2874 αὐτὸν
694 2807 759 2893 γάρ
774 2802 944 2887 ἀξιοῦντά
959 2808 1076 2894 πρῶτα

109 2909 272 3027 φέρεσθαι
287 2911 324 2978 ἐν
336 2922 407 2989 τοϊς
420 2906 533 2987 άλλοις
547 2905 722 2978 Μακεδόσι
738 2932 774 2976 τε
787 2905 866 2974 καλ”
860 2913 993 2991 Ελλησι.
1018 2905 1078 2973 καὶ

109 3013 217 3079 ταῦτα
239 3007 370 3098 μᾶλλόν
386 3037 416 3078 τι
435 3008 563 3095 ίσχόειν
581 3033 649 3097 παρ
651 3005 921 3100 ’Ἀλεξάνδρφέ
921 3013 1076 3093 φαίνετο,

109 3110 177 3201 666
193 3114 226 3190 ές
246 3113 308 3180 τοῦ
324 3106 543 3197 Ἀντιπάτρου
569 3109 632 3197 τὴν
658 3108 819 3232 διαβολην
845 3111 992 3197 φέροντα
1018 3099 1077 3194 ἦν,

56 3237 96 3296 Ισο
109 3181 164 3281 οἷά
181 3211 224 3300 66
242 3211 299 3280 καὶ
318 3211 532 3334 φοβερώτερα
552 3211 589 3279 ἐν
606 3209 795 3300 βασιλείφ”
776 3237 867 3280 οντα.
902 3205 943 3278 06
962 3207 1077 3294 μέντοι

110 3313 300 3399 καταφανές
333 3311 376 3398 γε’
409 3339 441 3380 τι
480 3307 502 3398 6
543 3307 693 3399 ἐργον”
671 3338 693 3398 η
728 3310 828 3397 λόγος
864 3310 1076 3397 ἐξηγγέλλετο

108 3406 330 3502 Ἀλεξάνδρου
359 3414 391 3495 ἐξ
418 3410 499 3482 ὅτου
525 3409 569 3480 66
594 3437 643 3492 τις
667 3413 857 3500 συνέθηκεν
876 3409 939 3496 οὐχ
959 3407 1076 3478 6666-
1185 3431 1188 3438 ’

815 3519 866 3572 20‘
