2620 3924
465 167 650 219 ιαιΒιΣιΣ
667 171 696 234 ε,
715 170 757 221 ιο.
1030 163 1092 232 145

127 306 181 373 τιά
196 305 252 372 καὶ
270 305 405 392 ηχεμῶν
419 307 461 393 τῇ
476 305 1021 394 στρατιᾷ,’ξυλλήψονταιΒῆσσον
1036 305 1092 372 καί

128 408 392 490 παραδώσουσιν
416 406 638 495 Ἀλεξάνδρῳ·
676 407 748 474 ἐπεὶ
776 407 833 474 καὶ
864 413 931 472 νῦν
959 405 1092 492 άδέσμφ

129 513 266 594 φυλακῇ
292 511 530 593 φυλάσσεσθαι
552 507 637 591 πρὸς
665 506 778 574 αύτῶν
800 512 944 592 Βῆσσον.
988 511 1127 572 ταύτατ

14 617 18 624 “
127 606 172 686 ῶς
191 607 341 692 ἤκουσεν
359 607 590 692 Ἀλέξανδρος,
618 605 719 684 αὐτὸς
739 609 802 692 μὲν
825 605 1011 674 ἀναπαύων
1032 597 1093 692 ἦγε

100 707 192 792 ετην
214 707 374 793 στρατιάν
396 711 614 792 σχολαίτερον
635 705 659 793 ἢ
680 710 850 793 πρόσθεν·
880 712 1093 795 Πτολεμαῖον

128 811 166 876 δὲ
186 808 246 874 ’τὸν
260 809 381 892 Λάχου
401 807 598 875 ἀποστέλλει
618 816 688 875 τῶν
702 834 738 876 τε
754 810 900 896 ἑταίραν
914 811 1094 894 ἱππαρχίας

127 922 217 994 τρεῖς
245 907 371 993 άγοντα
399 909 455 974 καί
483 909 561 985 τούς
595 909 859 987 ἱππακοντιστάς
890 912 1092 995 ξύμπαντας,

128 1015 237 1090 πεζῶν
251 1011 289 1076 δὲ
308 1013 372 1094 τη’ν
394 1033 430 1075 τε
446 1011 582 1078 Φιλῶτα
603 1013 697 1090 τάξιν
712 1009 769 1077 καὶ
788 1013 857 1076 τῶν
871 1011 1094 1077 ὑπασπιστῶν

128 1114 316 1196 χιλιαρχίαν
336 1113 417 1194 μίαν
432 1112 488 1176 καί
510 1110 590 1190 τούς
602 1111 778 1198 Ἀγριᾶνας
797 1117 927 1190 πάντας
947 1113 1002 1178 καί
1024 1119 1094 1178 τῶν

87 1237 116 1276 10
130 1213 277 1290 τοξοτῶν
303 1209 381 1288 τούς
405 1209 561 1296 ἡμίσεας,
592 1215 725 1298 σπουδῇ
754 1214 911 1280 ἐλαύνειν
933 1217 1095 1290 κελεύσας

129 1309 175 1388 ῶς
189 1313 406 1396 Σπιταμένην
422 1336 458 1377 τε
479 1313 536 1378 καί
551 1316 788 1399 Δαταφέρνην.
813 1316 870 1379 καί
885 1319 1094 1398 Πτολεμαῖος

126 1411 182 1499 ᾔει
204 1408 248 1488 ῶς
270 1415 441 1494 ἐτέτακτο,
465 1415 522 1478 καί
543 1416 694 1480 διελθῶν
717 1417 756 1482 έν
777 1414 915 1500 ἡμέραις
935 1417 1094 1500 τέσσαρσι

128 1511 300 1596 σταθμούς
321 1515 402 1579 δέκα
422 1512 614 1598 άφιιινεῐται
637 1516 672 1590 ἐς
692 1513 730 1582 τὸ
747 1515 976 1601 στρατόπεδον
991 1507 1033 1581 οὖ
1052 1521 1093 1600 τῇ

127 1619 309 1701 προτεραίᾳ
328 1612 526 1699 ηὐλισμένοι
546 1609 636 1700 ἦσαν
651 1617 686 1681 οί
698 1612 782 1701 άμφί
800 1615 861 1683 τδν
877 1619 1093 1700 Σπιταμένην

94 1738 121 1780 ιε
132 1715 318 1800 βάρβαροι.
454 1796 455 1799 ¹

209 1815 377 1882 Ἐνταῦθα
405 1821 511 1900 ἔμαθε
532 1823 741 1904 Πτολεμαῖος
763 1817 815 1884 ὅτι
837 1816 878 1884 ού
905 1822 1026 1902 βεβαία
1046 1823 1092 1904 τῶ
1100 1821 1143 1886 30

129 1917 335 2002 Σπιταμένει
357 1919 414 1983 καὶ
428 1921 635 2005 Δαταφέρνῃ
657 1917 676 2003 ἡ
699 1919 814 2003 χνῶμη
835 1921 928 1985 ἐστὶν
949 1917 1034 2003 ἀμφὶ
1052 1923 1095 2004 τῇ

128 2019 316 2102 παραδόσει
331 2023 393 2082 τοῦ
408 2019 555 2103 Βήσσου.
581 2018 661 2096 τούς
680 2020 743 2104 μὲν
759 2015 800 2102 δή
824 2019 942 2098 πεζούς
962 2021 1094 2086 κατέλι-

128 2141 182 2203 πε,
205 2121 396 2204 προστάξας
417 2119 559 2186 ἕπεσθαι
582 2119 620 2185 έν
634 2120 736 2206 τάξει,
760 2117 861 2196 αύτὸς
882 2120 920 2186 δὲ
942 2119 1003 2198 ξύν
1025 2131 1095 2195 τοῖς

88 2220 291 2285 εοίππεῦσιν
315 2219 436 2296 ἐλάσας
463 2219 604 2305 ἄφίκετο
628 2219 712 2300 πρὸς
738 2221 856 2307 κῶμην
883 2219 976 2304 τινά,
1004 2204 1095 2286 ίνίί
1174 2253 1176 2260 ’

126 2323 261 2404 Βῆσσος
287 2312 332 2405 ἦν
354 2319 417 2400 ξύν
439 2317 564 2404 ὀλίγοις
590 2323 816 2406 στρατιώταις.
863 2323 899 2387 οί
916 2320 981 2406 γάρ
1007 2319 1127 2407 άμφίν

127 2419 189 2486 τδν
205 2421 423 2506 Σπιταμένην
437 2426 757 2507 μετακεχωρήκεσαν
773 2423 839 2509 ἤδη
864 2420 1009 2506 ἐκεῖθεν,
1032 2447 1092 2488 κα-

127 2521 363 2599 ταιδεσθέντες
384 2521 480 2588 αύτοί
502 2527 715 2609 παραδοῦναι
737 2521 798 2590 τδν
819 2528 965 2608 Βῆσσον.
999 2529 1093 2590 Πτο-

128 2625 264 2706 λεμαίος
291 2623 329 2689 δὲ
356 2623 561 2709 περιστήσας
588 2627 626 2690 ἐν
654 2624 769 2712 κύκλῳ
795 2628 855 2708 τῆς
881 2625 994 2710 κῶμης
1014 2624 1094 2700 τούς

89 2742 116 2783 25
131 2723 249 2800 ίππέας
277 2713 340 2808 (ἦν
361 2723 428 2807 χάρ
455 2749 488 2790 τι
511 2725 567 2790 καί
594 2737 700 2808 τεῖχος
728 2726 1015 2810 περιβεβλημένον
1037 2727 1094 2790 καὶ

128 2823 233 2888 πύλαι
258 2823 334 2889 κατ’
355 2823 456 2912 αὐτά)
483 2823 748 2911 ἐπεκηρυκεύετο
774 2835 845 2901 τοῖς
872 2823 908 2890 έν
933 2826 975 2910 τῇ
998 2827 1093 2912 κώμῃ

127 2926 315 3008 βαρβάροις
327 2923 469 3002 άπαθεῖς
484 2933 573 3011 σφάς
586 2925 864 2992 άπαλλάσσεσθαι
879 2927 1094 3005 παραδόντας

128 3029 277 3106 Βῆσσον.
328 3026 365 3089 οί
388 3027 426 3092 δὲ
454 3025 606 3109 ἐδέχοντο
633 3025 712 3104 τούς
740 3024 802 3105 ξύν
831 3031 1030 3113 Πτολεμαίῳ
1060 3025 1094 3104 ἐς

76 3200 79 3204 ,
128 3121 192 3206 τήν
207 3124 333 3210 κῶμην.
358 3127 415 3190 καὶ
425 3132 633 3212 Πτολεμαῖος
649 3125 826 3212 ξυλλαβῶν
836 3132 974 3212 Βῆσσον
985 3127 1091 3194 ὀπίσω
1110 3149 1129 3197 ε

90 3243 116 3285 ιο
130 3221 285 3310 ἐπανῄει.
307 3227 506 3312 προπέμψας
522 3229 559 3294 δὲ
573 3227 672 3312 ἤρετο
686 3227 905 3312 Ἀλέξανδρον
920 3227 1010 3306 ὅπως
1029 3227 1091 3315 χρὴ

129 3321 163 3402 ἒς
184 3323 265 3405 ὅφιν
287 3323 382 3410 άχειν
394 3326 619 3412 Ἀλεξάνδρου
634 3331 778 3412 Βῆσσον.
808 3331 865 3395 καί
877 3325 1093 3415 Ἀλέξανδρος

126 3425 265 3508 γυμνὸν.
292 3425 330 3495 έν
362 3431 464 3514 κλοιῷ
494 3430 644 3513 δήσαντα
676 3427 781 3506 οὕτως
812 3429 908 3514 άχειν
936 3427 1093 3497 ἐκέλευσε

177 3547 306 3586 Agamus.
540 3581 542 3584 .
907 3546 938 3592 10
