2620 3924
223 137 266 205 88
577 135 831 198 εκπεεεοεοε

224 279 333 368 ταύτῃ
353 279 494 368 ἐξελῶν,
516 278 558 348 τά
583 279 621 349 δέ
644 277 808 370 ὁμολογίᾳ
833 281 1128 370 παραστησάμενος
1146 279 1184 352 ἐν

225 381 307 450 δέκα
324 379 462 470 ἡμέραις
486 383 653 468 ἐπανῆγεν
671 387 719 461 εἰς
736 381 798 468 τὴν
816 386 972 470 Σιδῶνα,
996 385 1053 452 καὶ
1078 411 1185 454 κατα-

225 483 391 570 λαμβάνει
413 481 612 570 Κλέανδρον
636 481 696 551 τὸν
720 483 1000 572 Πολεμοκράτους
1020 487 1057 570 ἐκ
1074 494 1185 556 Πελο-

226 583 399 670 ποννήσου
413 579 538 670 ἥκοντα
556 585 613 652 καὶ
631 582 695 663 ξόν
713 582 807 676 αὐτῷ
821 585 1054 675 μισθοφόρους
1062 583 1185 674 Ἕλλη-

226 713 289 766 νοις
309 689 342 765 ἐς
359 687 652 774 τετρακισχιλίους.
1209 725 1224 765 5

191 799 208 850 6
299 786 355 866 Ὡς
381 785 420 854 δέ
445 779 665 856 συνετέτακτο
692 783 785 876 αὐτῷ
807 785 846 856 τό
871 787 1051 875 ναυτικόν,
1079 789 1185 876 ἐπιβι-

225 887 333 976 βάσας
367 902 438 966 τοῖς
468 887 725 976 καταστρώμασι
757 891 827 955 τῶν
860 885 1082 958 ὑπασπιστῶν
1114 886 1187 958 ὅσοι

229 989 339 1072 ἱκανοὶ
359 987 503 1058 ἐδόκουν
522 991 555 1070 ἐς
572 988 611 1057 τδ
631 995 743 1077 ἔργον,
761 995 793 1060 εί
808 987 853 1075 μὴ
872 989 1039 1080 διέκπλοις
1056 989 1186 1076 μᾶλλόν

225 1115 257 1158 τι
279 1085 300 1174 ἢ
325 1091 362 1158 ἐν
386 1089 501 1178 χερσίν
526 1089 547 1177 ἡ
571 1097 743 1178 ναυμαχία
766 1097 934 1176 γίγνοιτο,
958 1088 1042 1181 ἀρας
1068 1093 1105 1176 ἐκ
1127 1093 1186 1178 τῆς

227 1194 380 1268 Σιδῶνος
401 1188 540 1270 ,ἐπέπλει
564 1197 605 1280 τῇ
635 1191 736 1284 Τόριμ
754 1191 1034 1279 ξυντεταγμέναις
1059 1193 1185 1262 ναυσὶν
1198 1228 1225 1268 10

226 1289 330 1371 αάτὸς
347 1291 410 1378 μέν
427 1292 511 1360 κατά
529 1291 568 1360 τό
592 1293 703 1374 δεξιόν
727 1291 845 1381 κέρας,
871 1290 890 1360 δ
909 1293 950 1379 δὴ
971 1295 1005 1372 ἐς
1022 1292 1058 1360 τό
1079 1293 1185 1361 πέλα·

225 1418 285 1480 γος
309 1391 403 1484 αὐτῷ
428 1391 559 1481 ἀνεῖχε,
591 1396 648 1462 καί
671 1393 735 1473 ξάν
762 1391 855 1482 αὐτῷ
888 1399 924 1463 οἴ
951 1421 986 1462 τε
1017 1401 1185 1484 Κυπρίων

226 1502 375 1582 βασιλεῖς
384 1495 441 1563 καὶ
452 1493 523 1564 ὅσοι
534 1503 715 1582 Φοινίκων,
725 1494 814 1581 πλὴν
823 1495 1060 1584 Πνυταγόρου.
1085 1487 1185 1575 οὗτος

227 1595 266 1664 δὲ
280 1596 337 1663 καί
352 1595 523 1686 Κράτερος
536 1596 574 1663 τό
590 1595 770 1690 εόῶνυμον
783 1595 883 1685 κέρας
897 1595 989 1682 εἶχον
1002 1599 1062 1682 τῆς
1076 1597 1185 1684 πάσης

192 1696 361 1776 ῖτάξεως.
397 1713 468 1776 τοῖς
493 1695 531 1765 δέ
561 1705 696 1784 Τυρίοις
719 1696 885 1785 πρότερον
908 1696 972 1784 μὲν
996 1713 1184 1786 ναυμαχεῖν
1197 1733 1225 1774 15

227 1796 442 1886 ἐγνωσμένον
466 1788 527 1885 ἦν,
550 1805 583 1866 εί
599 1796 683 1866 κατά
706 1799 880 1866 θάλατταν
899 1797 1048 1887 ἐπιπλέοι
1067 1807 1185 1886 σφίσιν
1218 1867 1219 1870 ,

223 1896 453 1987 Ἀλέξανδρος.
481 1897 557 1966 τότε
571 1897 610 1966 δέ
623 1901 754 1986 πλῆθος
767 1902 855 1968 νεῶν
870 1898 957 1967 πολά
972 1897 1186 1986 ἀπροςδοκή-

193 2021 198 2028 ·
225 2025 291 2078 τως
315 1999 506 2078 κατιδόντες
534 1997 591 2085 (οὐ
617 1999 682 2088 γάρ
708 2024 761 2068 πω
784 2000 992 2088 πεπυσμένοι
1014 1993 1101 2089 ἦσαν
1124 2001 1185 2080 τάς

225 2101 1185 2192 τεΚυπρίωνναῦςκαὶ-τάςΦοινίκωνξυμπάσαςἈλέξαν-

189 2205 310 2290 θδρον
336 2199 469 2288 ἔχοντα)
494 2202 551 2268 καὶ
574 2198 642 2288 ἅμα
666 2201 938 2289 ξυντεταγμένως
957 2206 1017 2272 τοῦ
1038 2205 1184 2272 ἐπίπλου
1197 2239 1225 2279 οο

225 2302 428 2390 γιγνομένου
455 2299 587 2389 (ὀλίγον
611 2303 676 2390 γάρ
699 2305 782 2391 πρὶν
806 2319 989 2404 προσσχεῖν
1019 2309 1060 2393 τῇ
1090 2305 1186 2374 πόλει

225 2401 462 2491 ἀνεκώχευσαν
487 2407 535 2470 ἐτι
552 2403 706 2491 πελάγιαι
723 2408 762 2472 αί
782 2403 845 2484 ξδν
866 2403 1075 2496 Ἀλεξάνδριμ
1092 2409 1185 2493 νῆες,

225 2515 260 2574 εῖ
279 2529 349 2584 πως
374 2501 439 2592 ἀρα
463 2505 497 2584 ἐς
519 2512 713 2592 ναυμαχίαν
735 2504 816 2584 τούς
846 2514 993 2594 Τυρίους
1015 2509 1184 2596 προκαλέ-

224 2625 357 2694 σαιντο,
375 2611 487 2674 ἔπειτα
504 2601 594 2673 οότω
611 2605 870 2694 ξυνταξάμενοι,
890 2607 936 2686 ῶς
954 2606 1017 2676 οάκ
1035 2605 1183 2693 ἀντανή-

223 2733 344 2794 γοντο,
367 2708 482 2797 πολλῷ
506 2711 553 2798 τῷ
578 2708 689 2798 ῥοθίῳ
715 2706 894 2796 ἐπέπλεον)
910 2713 1018 2778 ταῦτα
1036 2707 1224 2798 δρῶντεςεε

225 2813 261 2876 οἱ
287 2808 401 2897 Τάριοι
423 2823 612 2894 ναυμαχεῖν
641 2809 704 2896 μὲν
727 2807 946 2896 ἀπέγνωσαν·
972 2809 1119 2900 τριήρεσι
1145 2809 1184 2896 δέ

224 2905 305 2989 ὅσας
330 2913 399 2978 τῶν
425 2908 570 2996 λιμένων
593 2909 634 2977 τά
655 2909 802 2996 στόματα
825 2910 981 2998 ἐδέχοντο
993 2911 1103 3006 ’βύζην
1121 2911 1184 2981 τόν

214 3017 372 3080 Δἔσπλουν
386 3007 592 3100 φραξάμενοι
606 3011 812 3098 ἐφύλασσον,
832 3009 876 3092 ῶς
890 3011 936 3099 μὴ
956 3015 989 3102 ἐς
1006 3017 1075 3082 τῶν
1089 3013 1183 3102 λιμέ-

215 3139 294 3180 νων
307 3111 381 3182 τινά
398 3115 707 3200 ἐγκαθορμισθῆναι
719 3114 788 3181 τῶν
802 3121 972 3201 πολεμίων
981 3116 1040 3184 τὸν
1051 3115 1182 3184 στόλον.

187 3225 204 3272 9
296 3213 516 3300 Ἀλέξανδρος
535 3211 586 3301 δέ,
605 3211 651 3292 ῶς
670 3210 734 3282 οάκ
752 3213 982 3302 ἀντανήγοντο
1001 3223 1037 3286 οί
1055 3217 1182 3306 Τόριοι,
1195 3246 1222 3288 εο

224 3311 360 3382 ἐπέπλει
378 3317 419 3400 τῇ
444 3313 553 3382 πόλει
581 3315 639 3382 καὶ
665 3317 698 3394 ἐς
722 3315 784 3404 μὲν
801 3317 861 3384 τόν
878 3317 997 3404 λιμένα
1018 3317 1080 3388 τόν
1097 3319 1184 3407 πρὸς

226 3419 382 3492 Σιδῶνος
406 3411 576 3502 Ιβιάζεσθαι
594 3413 732 3503 ἀπέγνω
750 3417 806 3486 διά
825 3418 1005 3506 στενότητα
1022 3424 1083 3488 τοῦ
1104 3420 1183 3488 στό-
1298 3453 1299 3458 ’
