2572 3920
452 204 635 256 Αωιειειε
654 207 678 269 1
695 207 719 258 ι.
1036 207 1076 271 13

108 343 361 433 φυλαττομένας
371 340 449 412 ούτε
458 341 618 433 χάρακαή
632 341 761 434 τάφρον
771 347 1075 462 προβεβλημένους,

108 442 161 515 οἷα
174 444 217 532 δή
237 444 302 527 ξύν
319 444 415 537 φόβφ
434 443 645 534 ἀπηλλάχθαι
662 447 828 535 οἰομένων
842 430 1075 537 Ἀλέξανδρού,

110 551 142 628 ἐς
158 553 265 634 μῆκος
280 543 372 615 δὲ’
332 573 395 615 ουκ
410 542 625 636 ἀφέλιμον’
606 549 854 638 αποτεταμένην
882 547 996 630 αὐτοῖς
1013 547 1076 637 τήν

107 645 265 735 τάξιν,
239 646 311 718 νπδ
330 646 437 716 νύκτα
456 653 503 717 ἔτι
521 647 638 718 λαθών
656 649 870 737 διαβαίνει
836 678 898 720 του
915 650 1076 739 ποταμόν,

75 775 87 817 ε
108 749 188 830 τούς
198 776 242 841 ,τε
259 747 472 830 ὑπασπιστάς
489 747 558 838 ἅμα
573 745 611 818 οἷ
624 749 717 837 άγων
734 752 791 819 καὶ
807 751 887 832 τούς
902 749 1077 841 Ἀγριᾶνας

109 851 164 920 καὶ
199 849 280 930 τούς
309 849 446 932 τοξότας
471 851 528 921 καί
553 849 616 938 τήν
641 857 834 942 Περδίκκου
864 855 922 922 καὶ
947 860 1076 924 Κοίνου

107 951 210 1033 τάξιν.
252 952 310 1020 καὶ
333 954 555 1040 προστέτακτο
581 951 644 1040 μὲν
661 950 864 1024 ἀκολουθεῖν
886 953 948 1042 τήν
972 953 1077 1041 ἀλλην
1095 966 1127 1016 10

108 1052 283 1140 στρατιάν
312 1050 357 1133 τός
371 1052 409 1122 δὲ
426 1051 543 1142 καιρόν
557 1051 648 1122 εἶδεν
666 1060 713 1136 είς
732 1057 896 1142 ἐπίθεσιν,
915 1053 955 1124 ού
970 1076 1077 1143 προσ-

108 1162 226 1242 μείνας
260 1153 346 1241 ὁμού
374 1156 534 1241 γενέσθαι
557 1153 683 1236 πάντας
714 1158 818 1244 ἐφῆκε
839 1155 919 1238 τούς
942 1157 1077 1238 τοξότας

74 1283 97 1321 ω
109 1257 166 1324 καί
178 1254 261 1336 τούς
275 1253 469 1344 Ἀγριᾶνας·
489 1260 525 1324 οί
536 1256 574 1324 δέ
591 1254 839 1346 ἀπροσδόκητοί
849 1283 884 1326 τε
898 1257 1077 1327 ἐπιπεσόν-

107 1385 161 1438 τες
191 1357 249 1424 καὶ
279 1355 425 1444 φάλαγγι
448 1354 532 1426 κατά
556 1358 674 1446 κέρας,
705 1350 794 1448 ήπερ
819 1355 1101 1439 ἀσθενεστάτοις

108 1456 226 1539 αὐτοῖς
249 1458 481 1548 καρτερωτάτη
505 1485 547 1548 τη
537 1460 692 1549 ἐμβολή
712 1460 913 1586 προσμίξειν
925 1465 1076 1548 ἔμελλον,

107 1557 188 1640 τούς
213 1558 277 1648 μὲν
301 1565 347 1628 ἔτι
374 1560 411 1628 έν
435 1575 509 1640 ταῖς
536 1555 652 1640 εύναϊς
675 1561 903 1649 κατέκτεινον,
933 1560 1013 1642 τούς
1039 1561 1078 1630 δε

109 1661 299 1749 φεύγοντας
309 1659 464 1750 εὐμαρῶς
472 1661 703 1786 μίρούντες,”
675 1682 760 1731 ωστε
769 1663 887 1731 πολλοὶ
899 1660 1014 1751 μέν’
972 1665 1077 1731 αυτού

74 1789 97 1830 ιι
111 1761 410 1850 ἐγκατελήφθησαν
427 1789 483 1830 και
472 1760 684 1850 ἀπέθανον,
702 1763 819 1832 πολλοὶ
833 1763 872 1832 δὲ
886 1767 979 1832 ἐν
936 1791 976 1854 τη
991 1761 1078 1832 ἀπο-

109 1863 252 1954 χωρήσει
276 1861 407 1956 ἀτάκτῳ
431 1864 488 1932 καλ
511 1869 641 1955 φοβερᾷ
665 1865 847 1953 γενομένη·
883 1862 947 1933 ούκ
971 1861 1079 1950 ὀλίγοι

110 1966 149 2035 δὲ
167 1967 225 2034 καὶ
243 1970 362 2048 ζῶντες
381 1963 589 2054 ἐλήφθησαν.
625 1965 757 2051 ἐγένετο
783 1965 821 2033 δὲ
838 1962 859 2052 ή
878 1969 989 2048 δίωξις
1006 1981 1076 2046 τοῖς
1097 1979 1125 2029 11
1281 1940 1282 2028 δ

110 2066 198 2156 ἀμφὶ
222 2062 442 2154 Ἀλέξανδρον
465 2068 562 2154 μέχρι
581 2065 663 2156 πρὸς
688 2063 729 2135 τά
748 2064 810 2156 ὅρη
828 2071 898 2134 τῶν
920 2074 1074 2136 Ταυλαν-

109 2175 210 2237 τίων·
258 2167 331 2236 όσοι
354 2167 392 2236 δὲ
415 2169 472 2236 καὶ
496 2165 673 2256 ἀπέφυγον
700 2164 830 2255 αὐτῶν,
857 2169 980 2256 γυμνοὶ
1009 2174 1078 2237 τῶν

74 2268 226 2339 ιοόπλωυ
256 2267 478 2356 διεσύθησαυ.
537 2277 676 2350 Κλεῖτος
703 2267 742 2337 δέ
768 2271 801 2349 ές
829 2268 891 2357 τήν
916 2268 1014 2338 πόλιν
1039 2267 1076 2337 τό

110 2376 247 2460 πρῶτον
271 2369 477 2460 καταφυγών
502 2369 671 2461 ἐμπρήσας
694 2366 757 2457 τήν
780 2369 879 2439 πόλιν
905 2367 1078 2457 ἀπηλλάγη

110 2471 203 2562 παρά
222 2478 395 2543 Γλαυκίαν
414 2474 447 2552 ἐς
470 2478 709 2552 Ταυλαντίους.

183 2571 241 2645 Ἐν
257 2572 365 2666 τούτῳ
389 2572 427 2642 δέ
444 2578 513 2642 τῶν
531 2572 695 2662 φυγάδων
711 2572 799 2653 τινὲς
816 2577 886 2642 τόν
905 2573 941 2640 έκ
956 2577 1078 2659 Θηβῶν
1101 2582 1119 2645 7

109 2675 312 2765 φευγόντων
330 2670 557 2764 παρελθόντες
574 2673 709 2764 νύκτωρ
734 2677 767 2754 ές
784 2672 843 2754 τάς
862 2672 976 2761 Θήβας
995 2675 1078 2742 ἐπα-

71 2805 97 2845 ω
110 2778 266 2865 γομένων
278 2780 380 2844 τινῶν
393 2772 516 2856 αύτούς
531 2776 586 2843 ἐπὶ
598 2777 809 2866 νεωτερισμῷ
828 2776 865 2843 έκ
877 2781 937 2860 τῆς
951 2773 1079 2854 πόλεως

107 2877 279 2966 Ἀμύνταν
296 2877 358 2965 μὲν
375 2877 431 2945 καί
451 2875 615 2965 Τιμόλαον
627 2879 696 2944 τῶν
712 2873 773 2962 τήν
787 2880 962 2963 Καδμείαν
981 2873 1078 2963 έχόυ-

109 3007 180 3048 των
206 2975 310 3048 ούδδυ
334 2975 613 3066 ὑποτοπήσαντας
637 2976 796 3064 πολέμιον
820 2977 882 3058 ἔξω
904 2978 964 3064 τής
983 2979 1076 3045 Καδ-

109 3087 208 3168 μείας
227 3077 428 3148 ἀπέκτειναν
446 3077 684 3165 ξυλλαβόντες·
711 3079 747 3157 ές,
763 3076 801 3146 δὲ
817 3075 881 3164 τήν
899 3079 1078 3164 ἐκκλησίαν
1112 3091 1129 3139 2

109 3179 339 3268 παρελθόντες
365 3182 493 3267 ε’πήραν
516 3176 596 3259 τούς
618 3183 787 3265 Θηβαίους
806 3176 992 3266 ἀποστῆναι
1010 3176 1077 3248 ἀπό

68 3279 344 3370 ωἈλεξάνδρου,
364 3283 561 3368 ἐλευθερίαν
573 3307 610 3348 τε
622 3279 870 3369 προϊσχόμενοι,
884 3278 1008 3349 παλαιά
1021 3280 1077 3347 καλ

110 3381 198 3452 καλά
216 3379 384 3472 ὀνόματα,
409 3381 466 3450 καὶ
488 3386 547 3468 τῆς
564 3379 751 3468 βαρύτητος
773 3383 842 3449 τεόν
867 3380 1078 3452 Μακεδόνων

111 3481 179 3572 ήδη
193 3481 273 3553 ποτὶ
286 3481 529 3571 ἀπαλλαγῆναι.
560 3480 783 3573 πιθανώτεροι
797 3485 818 3549 δ
820 3481 836 3550 ὲ
850 3483 883 3560 ἐς
896 3481 933 3548 τό
948 3486 1077 3566 πλῆθος
