2572 3920
232 163 275 227 34
588 161 840 218 ιιιειιιιεον

185 313 223 378 18
306 298 361 374 Ἐν
384 302 492 396 τούτῳ
517 302 555 371 δέ
580 303 616 370 ἐκ
641 307 842 388 Μαγνησίας
873 300 990 370 τεκαὶ
1019 297 1200 388 Τράλλεων

233 401 313 492 παρ’
353 401 459 473 αύτόν
488 396 571 490 ήκον
602 401 790 481 ἐνδιδόντες
821 400 878 481 τάς
910 401 1038 480 πόλεις·
1070 401 1126 468 καλ
1158 397 1199 480 ὃς

233 505 354 592 πέμπει
372 510 612 592 Παρμενίωνα,
630 501 712 583 δούς
727 501 820 595 αύτςὸ
838 506 1020 590 δισχιλίους
1038 502 1094 569 καὶ
1112 526 1197 570 πεν-

232 612 409 686 τακοσίους
432 603 549 688 πεζούς
572 608 642 673 τάν
667 605 772 685 ξένων
789 603 846 671 καλ
864 601 1066 682 Μακεδόνας
1084 628 1197 690 παρα-

233 713 413 793 πλησίους,
447 707 567 784 ίππέας
598 704 636 773 δέ
666 710 735 773 τῶν
762 705 904 793 ἑταίρων
932 707 965 783 ές
991 707 1195 783 διακοσίους.
1223 737 1236 777 ⁵

233 813 430 895 Λυσίμαχον
455 806 493 876 δὲ
517 805 577 874 τόν
599 803 844 890 Ἀγαθοκλέους
871 805 926 872 ἐπὶ
949 801 1008 883 τάς
1033 808 1198 883 Αἰολίδας

233 935 269 976 τε
292 907 403 987 πόλεις
428 905 491 989 ξύν
516 905 656 994 δυνάμει
681 903 745 974 ούκ
776 905 923 974 ἐλάττονι
949 906 1108 992 ἐξέπεμψε
1137 906 1197 972 καί

201 1022 217 1070 2
235 1007 310 1076 ὅσαι
324 1007 468 1078 Ἰωνικαὶ
485 1003 554 1076 ύπδ
572 1022 642 1087 τοῖς
658 1005 839 1094 βαρβάροις
862 1011 909 1074 ἔτι
925 997 1023 1093 ἦσαν.
1063 1004 1196 1085 καὶτὰς

234 1109 296 1197 μὲν
314 1107 506 1197 ὀλιγαρχίας
520 1113 691 1195 πανταχοῦ
710 1106 890 1178 καταλύειν
904 1109 1069 1191 ἐκέλευσε,
1087 1111 1196 1193 δημο-

234 1216 371 1298 κρατίας
385 1211 423 1278 δέ
438 1209 675 1296 ἐγκαθιστάναι
692 1209 749 1276 καὶ
766 1206 845 1286 τούς
859 1207 985 1296 νόμους
998 1205 1078 1287 τούς
1096 1213 1194 1294 σφῶν
1210 1241 1234 1280 ιο

236 1309 382 1390 ἑκάστοις
400 1308 606 1396 άποδούναι,
628 1309 684 1377 καὶ
701 1309 781 1389 τούς
799 1307 927 1398 φόρους
945 1306 1075 1376 άνεῑναι
1093 1306 1195 1388 ὅσους

119 1409 124 1417 ’
233 1426 304 1490 τοῖς
329 1411 513 1500 βαρβάροις
538 1409 718 1498 ἀπέφερον.
759 1404 861 1489 αύτδς
885 1409 923 1478 δέ
947 1407 1131 1496 ὑπομείνας
1158 1411 1196 1478 ἐν

240 1509 367 1602 Ἐφέσῳ
391 1517 519 1580 θυσίαν
542 1538 577 1580 τε
600 1516 705 1578 ἔθυσε
725 1516 767 1600 τῇ
789 1507 955 1599 Ἀρτέμιδι
979 1510 1035 1578 καὶ
1058 1508 1196 1597 πομπήν

235 1617 362 1699 έπεμψε
384 1610 448 1693 ξύν
470 1616 513 1700 τῇ
537 1617 674 1702 στρατιᾷ
693 1610 783 1701 πάση
803 1609 994 1699 ὡπλισμένῃ
1017 1612 1125 1680 τεκαὶ
1150 1608 1195 1691 άς

235 1714 268 1793 ές
285 1711 395 1800 μάχην
412 1713 666 1800 ξυντεταγμένῃ.
1207 1744 1231 1785 15

200 1827 217 1878 ε
315 1820 365 1902 Τῇ
383 1808 419 1882 δ’
443 1810 604 1903 ὑστεραίᾳ
628 1810 809 1900 άναλαβύν
831 1818 900 1882 τῶν
923 1837 959 1882 τε
982 1819 1089 1896 πεζῶν
1114 1812 1194 1894 τούς

233 1914 372 1996 λοιπούς
402 1914 458 1983 καὶ
487 1911 569 1993 τούς
596 1913 731 1995 τοξότας
755 1913 811 1982 καὶ
834 1911 914 1994 τούς
937 1909 1113 2002 Ἀγριάνας
1137 1915 1193 1982 καὶ

232 2015 313 2110 τούς
333 2020 468 2107 Θρᾷκας
493 2015 614 2095 ἱππέας
632 2015 689 2082 καὶ
712 2017 779 2084 τάν
799 2015 941 2102 ἑταίρων
957 2013 1019 2101 τήν
1036 2042 1072 2083 τε
1095 2021 1192 2102 βασι-

233 2115 330 2202 λιιιήυ
348 2125 423 2204 ίλην
440 2116 497 2183 καὶ
515 2112 599 2202 πρός
616 2114 722 2204 ταύτῃ
739 2129 829 2202 τρεῖς
843 2113 946 2194 άλλας
965 2116 1020 2184 ἐπὶ
1038 2114 1192 2202 Μιλήτου

234 2219 418 2285 ἐστέλλετο·
449 2215 589 2303 καλιήν
613 2216 676 2304 μὲν
700 2214 769 2298 ’ἐξω
793 2217 1005 2304 καλουμένην
1034 2216 1133 2284 πόλιν
1159 2217 1228 2297 ἐξιο

234 2316 358 2403 ἐφόδου
377 2321 496 2402 ἐλαβεν
514 2316 710 2404 ἐκλιπούσης
723 2321 781 2404 τῆς
795 2322 965 2404 φυλακῆς·
986 2319 1136 2386 ἐνταῦθα
1154 2317 1192 2386 δὲ

232 2411 604 2506 καταστρατοπεδεύσας
622 2424 710 2502 ἔγνω
724 2414 937 2506 ἀποτειχίζειν
949 2416 1012 2505 τήν
1030 2428 1109 2498 είσοι
1127 2414 1190 2488 πό-

198 2530 216 2579 4
233 2527 298 2587 λιν.
329 2512 588 2606 Ἡγησίστρατος
606 2518 682 2606 γάρ,
701 2517 766 2610 ὅτῳ
783 2516 804 2604 ή
822 2515 957 2607 φρουρά
975 2516 996 2606 ἡ
1014 2524 1192 2606 Μιλησίαν

234 2623 269 2687 ἐκ
286 2620 448 2704 βασιλέως
476 2618 710 2708 ἐπετέτραπτο,
737 2618 888 2708 πρόσθεν
912 2619 1087 2709 γράμματα
1111 2617 1189 2708 παρ’

229 2717 450 2809 Ἀλεξάνδρου
473 2726 619 2807 ἔπεμπεν
646 2718 799 2800 ἐνδιδούς
829 2718 891 2806 τήν
915 2726 1086 2808 Μίλητον·
1117 2719 1225 2790 τότειε

232 2820 271 2890 δὲ
289 2815 528 2910 άναθαρρήσας
548 2821 603 2890 ἐπὶ
627 2826 673 2912 τῷ
694 2826 837 2910 Περσῶν
854 2828 983 2912 στρατῷ
1002 2819 1043 2890 ού
1059 2820 1190 2909 μακράν
1268 2901 1269 2907 ¹

233 2921 305 2990 όντι
323 2922 492 3007 διασύζειν
509 2937 578 3002 τοῖς
594 2923 739 3012 Πέρσαις
757 2921 887 2992 ἐπενόει
903 2920 965 3009 τήν
982 2921 1091 2991 πόλιν.
1123 2931 1189 2992 Νι-

233 3022 347 3112 κάνωρ
365 3024 403 3092 δέ
419 3022 458 3092 τό
477 3021 672 3110 Ἑλληνικόν
697 3021 855 3091 ναυτικόν
879 3021 972 3108 άγων
998 3020 1190 3111 ὑποφθάνει

231 3122 314 3204 τούς
332 3124 465 3212 Πέρσας
488 3123 597 3210 τρισὶν
620 3118 756 3207 ἡμέραις
780 3122 940 3212 πρότερος
958 3123 1188 3204 καταπλεύσας
1264 3159 1265 3164 ’

232 3221 313 3310 ήτῂ
333 3223 471 3314 Μιλήτῳ
496 3220 574 3300 τούς
592 3221 725 3308 Πέρσας
744 3238 936 3310 προσσχεῖν,
953 3225 1008 3292 καὶ
1027 3221 1187 3313 ὁρμιξεται
1200 3255 1223 3296 ιο

232 3324 357 3391 ναυσὶν
382 3319 537 3408 ἑξήκοντα
561 3322 618 3390 καὶ
643 3321 761 3390 ἑκατόν
786 3325 821 3390 ἐν
845 3329 887 3412 τῇ
905 3323 998 3416 νήσῳ
1016 3331 1058 3414 τῇ
1077 3323 1186 3414 Λάδη·

200 3435 337 3494 δκεῑται
361 3422 398 3491 δὲ
421 3422 505 3511 αὕτη
529 3423 583 3492 ἐπὶ
606 3428 648 3513 τῇ
667 3422 814 3516 Μιλήτῳ.
851 3428 889 3492 αί
906 3423 944 3492 δὲ
961 3431 1029 3494 τῶν
1046 3433 1187 3514 Περσῶν
