2546 3920
188 153 253 220 300
425 133 427 138 '
548 147 803 210 ελεπεαιεον

154 315 224 392 εές
250 310 310 392 τάς
336 316 406 380 τῶν
433 311 575 398 ἑταίρων
600 307 715 390 τάξεις.
767 306 894 378 οὔκουν
921 313 1000 397 σιγῇ
1026 314 1162 396 ἔχοντες

191 413 434 502 ἐκαρτέρησαν,
470 408 557 479 άλλά
589 409 717 490 πάντας
750 408 815 496 γάρ
846 407 1068 480 ἀπαλλάττειν
1099 415 1161 497 τῆς

190 515 345 601 στρατιάς
365 513 533 600 ἐκέλευον,
551 508 656 580 αύτόν
674 509 713 578 δὲ
729 508 812 598 μετά
831 515 892 578 τοῦ
910 510 1036 598 πατρός
1056 531 1160 598 στρα-
1249 553 1250 562 1

188 614 360 708 τεύεσθαι,
379 611 609 700 τόνἌμμοινα
627 609 669 698 δὴ
682 616 731 703 τῷ
744 609 836 703 λόγῳ
850 613 1159 700 ἐπικερτομοῦντες.

55 722 59 729 ’
189 709 297 784 ταύτά
330 713 479 793 άκούσας
502 711 721 801 Ἀλεξανδρος
748 703 806 799 (ἦν
832 712 898 801 γάρ
924 710 967 799 δὴ
1000 709 1195 800 όξύτερόςε

189 843 226 886 τε
253 818 364 906 ἐντῷ
389 815 465 886 τότε
482 814 539 882 καὶ
565 810 632 882 άπό
659 817 718 899 τῆς
744 817 951 902 βαρβαρικῆς
974 821 1160 900 θεραπείας
1250 834 1251 898 g

190 913 302 987 οόκέτι
320 914 366 996 ὡς
384 913 488 984 τάλαι
506 913 649 1000 ἐπιεικής
668 915 702 993 ἐς
719 914 798 994 τούς
817 912 1037 1004 Μακεδόνας)
1056 925 1160 982 κατἀ·

190 1017 342 1105 πηδήσας
369 1017 436 1086 σύν
467 1030 539 1095 τοῖς
566 1013 652 1102 ἄμφ’
681 1012 787 1082 αὑτὸν
811 1013 972 1102 ἡγεμόσιν
1005 1011 1074 1083 άπό
1100 1015 1161 1084 τοῦ

190 1118 336 1208 βήματος
362 1119 544 1204 ξυλλαβεῖν
561 1113 643 1196 τούς
668 1111 952 1204 ἐπιφανεστάτους
968 1119 1036 1184 τῶν
1054 1143 1160 1205 ταρα-

191 1219 321 1300 ξάντων
352 1216 391 1288 τό
427 1223 557 1305 πλῆθος
583 1213 729 1305 κελεύει,
763 1213 866 1296 αύτὸς
895 1221 939 1306 τῇ
972 1217 1057 1306 χειρὶ
1084 1219 1159 1285 ἐπι·
1174 1243 1197 1282 10

191 1315 357 1390 δεικνύων
382 1333 454 1400 τοῖς
479 1317 708 1398 ὑπασπισταῖς
734 1316 891 1397 οὕστινας
908 1318 986 1408 ’χρὴ
1009 1319 1160 1405 ξυλλαμ-

191 1419 323 1510 βάνειν·
377 1419 436 1488 καὶ
471 1419 627 1505 ἐγένοντο
661 1411 754 1488 οὗτοι
788 1421 822 1500 ἐς
851 1431 941 1505 τρεῖς
974 1418 1032 1486 καὶ
1067 1418 1159 1487 δέκα.
1252 1407 1253 1418 ¹

191 1519 333 1601 τούτους
359 1519 423 1608 μὲν
449 1519 492 1606 δὴ
518 1516 659 1606 ἀπάγειν
690 1519 819 1588 κελεύει
846 1519 908 1605 τὴν
935 1519 990 1588 ἐπὶ
1008 1519 1159 1611 θανάτῳ.

193 1615 239 1702 άς
261 1620 301 1690 δὲ
322 1619 576 1708 κατεσιώπησαν
598 1625 635 1688 ot
661 1619 756 1690 ἄλλοι
777 1620 1007 1706 ἐκπλαγέντες,
1030 1619 1160 1707 ἀναβάς
1253 1680 1254 1696 ,

193 1713 296 1801 αὖθις
323 1721 378 1788 ἐπὶ
404 1719 442 1790 τό
469 1727 560 1810 βῆμα
586 1725 701 1806 ἔλεγέν
728 1713 803 1790 ὦδε.
1173 1745 1197 1786 ιε

155 1827 177 1892 9
271 1818 346 1909 Ούχ
358 1820 447 1910 ὑπὲρ
464 1828 527 1891 τού
544 1824 756 1890 καταπαῦσαι
772 1819 883 1910 ὑμῶν,
897 1814 931 1890 -οό
949 1820 1160 1908 Μακεδόνες,

193 1921 253 2010 τὴν
272 1927 388 1992 οίκαδε
404 1921 514 2011 ὁρμὴν
531 1921 735 2010 λεχθήσεταί
747 1950 803 2010 μοι
816 1921 908 1992 όδεό
926 1921 1036 2009 λόγος,
1056 1923 1161 2002 ἔξεστι

192 2025 258 2111 γάρ
290 2017 376 2110 ύμῖν
409 2023 545 2092 άπιέυαι
571 2020 647 2092 ὅποι
674 2023 842 2110 βούλεσθε
869 2025 952 2113 ἐμοῦ
978 2049 1017 2109 χε
1049 2025 1160 2110 ἕνεκα,

194 2121 269 2192 ἄλλ’
290 2123 336 2203 άς
349 2129 477 2210 γνῶναι
489 2123 578 2212 ύμάς
596 2122 681 2212 πρός
698 2121 839 2204 ὁποίους
854 2123 949 2204 τινάς
961 2121 1047 2211 ἡμᾶς
1060 2122 1161 2203 ὄντας

159 2223 309 2292 εόποῖοί
337 2248 426 2304 τινες
459 2221 557 2292 αύτοὶ
582 2223 760 2312 γενόμενοι
785 2223 1050 2294 ἀπαλλάσσεσθε.
1073 2279 1082 2285 .
1104 2223 1197 2294 καὶιο

193 2323 309 2410 πρῶτά
321 2350 361 2409 με
377 2321 445 2392 άπό
461 2330 631 2396 Φιλίππου
649 2330 711 2394 τού
727 2325 865 2414 πατρός,
884 2315 972 2414 ᾗπερ
989 2326 1045 2393 καὶ
1060 2325 1159 2413 εἰκός,

193 2429 254 2493 τού
272 2420 377 2511 λόγου
396 2424 544 2515 ἄρξομαι.
577 2432 745 2506 Φίλιππος
762 2427 828 2514 γάρ
845 2423 1052 2515 παραλαβιάν
1069 2423 1159 2514 ύμάς

194 2523 365 2611 πλανήτας
391 2527 450 2595 καί
475 2524 638 2616 άπόρους,
667 2529 704 2596 ἐν
721 2527 898 2615 διφθέραις
915 2527 994 2606 τούς
1011 2527 1160 2614 πολλούς

193 2627 355 2714 νέμοντας
367 2623 434 2697 άνά
451 2625 493 2696 τά
505 2625 568 2715 ὅρη
586 2625 737 2715 πρόβατα
749 2622 848 2714 όλίχά
861 2627 918 2695 καὶ
930 2624 1018 2715 ὑπὲρ
1031 2626 1161 2695 τούτων

194 2733 304 2806 κακῶς
329 2729 538 2818 μαχομένους
552 2725 727 2816 Ἰλλυριοῖς
752 2754 788 2797 τε
809 2729 866 2798 καὶ
889 2733 1085 2816 Τριβαλλοῖς
1102 2726 1159 2796 καὶ
1172 2754 1199 2796 τε

193 2843 265 2908 τοῖς
292 2821 428 2919 ὁμόροις
446 2830 564 2921 Θρᾳξί,
590 2827 764 2916 χλαμύδας
790 2826 963 2918 μὲνὺμῖν
989 2827 1066 2898 άντὶ
1088 2833 1160 2897 τάν

194 2931 369 3018 διφθερῶν
386 2945 507 3018 φορεῖν
527 2935 643 3016 ἔδωκε,
669 2929 837 3017 κατήγαγε
863 2929 902 2998 δὲ
929 2931 1049 2999 ἐκτῶν
1067 2927 1160 3018 ὀρόν
1253 3005 1255 3010 s

195 3031 229 3108 ἐς
242 3028 283 3098 τά
301 3035 413 3117 πεδία,
432 3029 631 3117 ἀξιομάχους
649 3029 856 3118 καταστήσας
869 3044 939 3111 τοῖς
953 3028 1160 3120 προσχώροις

194 3132 263 3198 τῶν
288 3131 487 3220 βαρβάρων,
523 3123 570 3209 τάς
595 3130 641 3218 μὴ
667 3139 802 3219 χωρίων
829 3138 878 3202 ἔτι
903 3125 1078 3221 ὀχυρότητι
1102 3153 1159 3199 πι-

194 3229 375 3311 στεύοντας
411 3235 542 3318 μάλλον
572 3225 594 3316 ἢ
626 3237 671 3318 τῇ
706 3238 813 3323 οίκείφ
845 3227 949 3321 άρετῇ
981 3230 1157 3314 σἰόζεσθαι·
1172 3257 1196 3298 τι

194 3329 327 3398 πόλεάν
352 3355 389 3398 τε
414 3327 589 3417 οἰκήτορας
613 3326 767 3419 άπίφηνε
783 3333 840 3402 καὶ
857 3333 970 3421 νόμοις
988 3334 1044 3400 καὶ
1062 3331 1160 3418 ἤθεσι

160 3444 177 3491 3
194 3443 348 3517 χρηστοῖς
367 3427 560 3516 ἐκόσμησεν.
599 3429 715 3512 αύτοῖν
733 3431 771 3501 δὲ
788 3434 928 3502 ἐκείνων
944 3436 1013 3506 τῶν
1029 3432 1160 3524 βαρβά-
