2632 3922
480 155 665 208 ιαιειετε
682 159 707 221 4,
724 159 765 208 ιε.
1047 153 1109 216 195

6 319 7 326 '
128 311 188 394 ’ῶς
214 316 271 383 καὶ
298 310 463 402 ἀπορρεῖν
489 311 556 382 άπὸ
582 316 642 401 τῆς
668 316 776 402 πηγῆς
801 309 909 400 ὕδωρ,
936 313 993 380 καὶ
1020 307 1108 399 ῦλην

141 416 199 484 καί
217 418 282 502 γῆν
300 413 435 501 ἀγαθὴν
454 415 635 502 ἐργάσιμον
652 411 738 500 ὅσην
754 415 812 482 καλ
829 419 947 501 χιλίοις
966 411 1106 498 ἀνθρά-

142 517 218 596 ποις
244 514 449 601 ἀποχρῶσαν
476 510 521 583 ῶν
547 513 634 584 εἶναι
661 515 865 601 ἐργάζεσθαι.
994 544 997 550 ’

175 669 182 680 .
219 617 286 686 Καὶ
295 619 403 685 ταῦτα
416 614 814 702 άκοόονταἈλεῈανδρον
828 615 935 696 πόθος
947 615 1107 704 λαμβάνει
1123 632 1141 680 4

114 746 128 786 ε
144 720 270 800 ἐξελεῖν
286 719 343 786 καὶ
362 721 461 786 τοῦτο
485 717 522 784 τὸ
543 714 635 804 ὅρος,
662 716 726 802 οὐχ
744 714 861 803 ἥκιστα
880 717 934 785 ἐπὶ
952 719 999 807 τῴ
1019 716 1107 804 άμφὶ

141 819 204 888 τόν
225 817 389 905 Ἡρακλέα
407 817 511 908 μῦδφ
530 819 780 908 πεφημισμένῳ.
823 815 864 884 τά
888 817 951 905 μὲν
969 809 1108 905 δὴᾯρα

141 921 200 988 καὶ
225 919 267 986 τά
287 917 458 1004 Μάσσαγα
485 917 632 1006 φρούρια
660 921 817 1004 ἐποίησεν
844 918 899 986 έπλ
924 921 966 1006 τῇ
994 917 1113 1009 χῶμα·-

141 1021 183 1089 τά
203 1019 324 1107 Βάζιρα
343 1019 382 1088 δὲ
399 1019 498 1087 πόλιν
517 1019 698 1104 ἐξετείχισε.
744 1019 802 1086 καλ
828 1022 864 1086 οί
884 1016 971 1106 ἀμφὶ
986 1017 1141 1106 Ἡφαι-ῖι

144 1120 272 1190 στίωνά
293 1121 398 1188 τεκαὶ
414 1124 609 1206 Περδίκκαν
624 1117 718 1208 αότῴ
732 1117 838 1206 άλλην
852 1117 952 1188 πόλιν
968 1122 1109 1207 ἐκτειχί-

102 1249 132 1290 ιο
144 1239 281 1307 σαντες,
305 1219 478 1308 Ὀροβάτις
496 1217 603 1306 ὄνομα
619 1225 661 1308 τῇ
684 1219 776 1288 πόλει
794 1210 850 1306 ἦν,
876 1221 933 1288 καὶ
951 1221 1110 1308 φρουράν

142 1321 394 1407 καταλιπόντες,
414 1319 459 1400 ῶς
479 1323 533 1389 ἐπὶ
551 1320 611 1388 τόν
625 1320 736 1390 Ἰνδὸν
754 1320 904 1407 ποταμόν
921 1317 1041 1408 ᾔεσαν·
1062 1319 1109 1400 ῶς

142 1422 182 1492 δὲ
208 1421 384 1509 άφίιιοντο,
413 1428 582 1507 ἔπρασσον
607 1419 674 1508 ἤδη
701 1418 764 1489 ὅσα
791 1422 824 1500 ές
849 1421 888 1490 τὸ
913 1424 1022 1504 ζεῦξαι
1047 1421 1109 1490 τόν

139 1522 249 1592 Ἰνδῶν
273 1521 343 1604 ῦπό
366 1521 590 1606 Ἀλεξάνδρου
618 1511 780 1590 ἐτέτακτο.
1043 1595 1046 1602 ff

217 1621 436 1710 Ἀλέξανδρος
454 1623 492 1690 δὲ
509 1625 569 1708 τῆς
585 1620 649 1708 μὲν
666 1622 778 1709 χῶρας
795 1625 854 1708 τῆς
873 1625 929 1692 ἐπὶ
946 1622 1026 1692 τάδε
1046 1625 1107 1692 τοῦ
1125 1637 1143 1684 6

103 1758 130 1798 ιε
140 1723 252 1794 Ἰνδοῦ
275 1726 427 1810 ποταμοῦ
453 1723 627 1810 σατράπην
650 1724 829 1810 κατέστησε
848 1724 1021 1809 Νικάνορα
1038 1730 1108 1792 τῶν

97 1871 101 1878 -
145 1827 299 1913 ἑταίρων.
333 1823 438 1904 αῦτός
456 1822 553 1894 δὲτὰ
570 1823 634 1912 μὲν
651 1829 768 1910 πρῶτα
787 1818 832 1903 ῶς
852 1825 907 1892 ἐπὶ
924 1824 985 1892 τὸν
1000 1823 1110 1894 Ἰνδὸν

144 1926 297 2010 ποταμὸν
323 1917 395 2011 ἦγε,
422 1926 479 1993 καὶ
505 1925 604 1992 πόλιν
621 1949 656 1992 τε
675 1929 912 1993 Πευκελαῶτιν
930 1923 971 1996 οῦ
992 1925 1111 2012 πόρρω

143 2031 207 2094 τοῦ
222 2024 333 2094 Ἰνδοῦ
354 2023 541 2116 ᾠκισμένην
565 2023 729 2114 ὁμολογίᾳ
748 2024 979 2114 παρεστήσατο
995 2027 1053 2093 καὶ
1072 2028 1111 2093 ἐν

144 2125 233 2213 αῦτῇ
268 2125 426 2213 φρουράν
459 2125 668 2212 καταστήσας
705 2127 775 2192 τῶν
807 2125 1021 2194 Μακεδόνων
1053 2125 1110 2193 καί

104 2261 132 2300 ιο
147 2233 317 2296 Φίλιππον
343 2229 399 2294 ε’πὶ
422 2229 463 2313 τῇ
488 2231 624 2316 φρουρῴ
649 2223 818 2313 ἡγεμόνα,
844 2225 863 2294 ό
887 2226 926 2295 δὲ
949 2227 1005 2294 καὶ
1024 2224 1111 2294 ἄλλα

144 2327 377 2414 προσηγάγετο
403 2327 504 2415 μικρά
530 2332 721 2413 πολίσματα
748 2327 833 2413 πρὸς
857 2331 906 2418 τῴ
921 2324 1016 2418 Ἰνδῴ
1044 2351 1109 2395 πο·
1160 2411 1163 2416 y

142 2433 237 2518 ταμῴ
266 2423 451 2518 ᾠκισμένα
479 2428 678 2506 ξυνείποντο
705 2425 743 2494 δὲ
769 2425 864 2518 αῦτῴ
884 2427 1046 2513 Κωφαῖός
1072 2454 1111 2496 τε

143 2530 200 2596 καὶ
216 2527 417 2614 Ἀσσαγέτης
436 2533 472 2596 ολ
492 2527 640 2619 ὕπαρχοι
662 2531 722 2612 τῆς
744 2527 866 2615 χώρας.
906 2525 1143 2616 άφικόμενοςτ

144 2629 182 2698 δὲ
203 2631 236 2706 ἐς
251 2625 430 2715 Ἐμβόλιμα
449 2629 560 2714 πόλιν,
583 2625 604 2714 ἢ
628 2628 797 2714 ξύνεγγυς
820 2634 881 2714 τῆς
899 2631 1024 2717 πέτρας
1049 2633 1109 2716 τῆς

105 2759 132 2800 ετ
142 2727 283 2815 Ἀόρνου
298 2727 427 2818 ᾠκεῖτο,
443 2730 616 2816 Κράτερον
628 2728 691 2814 μὲν
704 2728 769 2810 ξῦν
780 2729 871 2817 μέρει
885 2733 944 2816 τῆς
954 2733 1110 2816 στρατιάς

127 2907 128 2912 ¹
146 2835 336 2904 καταλείπει
352 2825 472 2914 αὐτοῦ,
495 2827 592 2897 σῖτόν
607 2855 643 2897 τε
657 2832 691 2907 ές
705 2829 768 2916 τὴν
782 2830 882 2898 πόλιν
892 2828 936 2908 ῶς
950 2838 1110 2899 πλεῖστον

146 2927 305 3013 ξυνάγειν
318 2931 374 2996 καὶ
393 2927 455 2997 ὅσα
469 2927 553 2997 ἄλλα
575 2931 609 3008 ές
628 2928 766 3015 χρόνιον
779 2930 911 3019 τριβήν,
931 2928 976 3010 ῶς
992 2933 1109 3000 ἐντεῦ-

144 3039 208 3098 θεν
227 3029 444 3122 ὁρμωμένους
462 3030 542 3109 τοῦς
561 3031 766 3110 Μακεδόνας
787 3039 913 3123 χρονίῳ
931 3039 1110 3122 πολιορκία

148 3133 354 3214 ἐκτρυχῶσαι
377 3131 458 3210 τοῦς
482 3133 683 3217 κατέχοντας
706 3131 770 3217 τὴν
793 3133 936 3219 πέτραν,
963 3131 1055 3220 εἰμὴ
1074 3134 1108 3214 ἐξ
1154 3193 1159 3201 .

107 3232 274 3314 ροέφόδου
295 3239 451 3318 ληφθείη.
484 3230 600 3310 ,αῦτός
628 3233 666 3300 δέ
692 3231 773 3312 τοῦς
800 3233 937 3312 τοξότας
964 3259 1000 3302 τε
1021 3231 1143 3302 ἄνα-8
1251 3263 1253 3278 ·

45 3385 46 3389 ,
148 3330 264 3417 λαβῶν
298 3336 354 3400 καλ
390 3332 470 3410 τοῦς
495 3331 673 3418 Ἀγριᾶνας
706 3334 763 3402 καὶ
797 3333 859 3419 τὴν
885 3332 1113 3409 Κοίνουτάξιν

142 3432 200 3498 καὶ
215 3429 282 3498 άπὸ
296 3437 355 3518 τῆς
369 3431 472 3519 άλλης
488 3433 663 3520 φάλαγγος
680 3435 830 3512 ἐπιλέξας
842 3434 923 3518 τοῦς
936 3433 1109 3520 κουφοτά-

853 3543 904 3596 13⁸
