2572 3920
431 147 616 202 εαεοιειε
636 151 660 212 ι,
678 150 704 201 ο.
1022 149 1062 211 11

96 285 181 376 πρός
199 291 262 356 τού
281 293 435 375 ποταμοῦ
454 285 696 378 άπειργόμενα,
721 293 763 378 τῆ
781 287 820 357 δὲ
837 287 916 379 ὀρος
932 282 1061 379 ύπερύ-

94 396 205 475 ψηλου
228 380 275 475 ῆν
298 389 355 456 καί
372 389 516 477 κρημνοὶ
539 387 623 479 πρός
646 394 708 459 τού
735 386 854 478 ὅρους,
881 389 965 458 όόστε
983 388 1065 459 ούδέ

97 489 151 557 ἐπὶ
168 487 345 578 τεσσάρων
359 486 514 558 ἀσπίδων
527 487 571 559 άν
583 496 631 582 τῷ
645 489 865 581 στρατεύματι
881 488 902 578 ῆ
916 489 1065 580 πάροδος

97 591 241 677 ἐγένετο.

60 717 71 756 ε
163 689 275 761 Ἔνθα
299 689 341 779 δῆ
367 688 519 762 ἐκτάσσει
541 691 602 761 τόν
627 691 770 783 στρατόν
790 689 1006 783 Ἀλέξανδρος
1031 694 1064 773 ἐς
1086 701 1107 765 6

97 789 217 861 ἑκατόν
244 791 301 860 καί
325 801 431 862 είκοσι
452 790 489 861 τό
514 790 622 880 βάθος
645 800 703 882 τῆς
728 793 909 882 φάλαγγος.
947 795 1002 863 ἐπὶ
1025 793 1063 862 τό

96 894 196 982 κέρας
206 892 245 961 δέ
255 895 464 982 ἑκατέρωθεν
475 898 664 976 διακοσίους
679 897 799 975 ίππέας
810 895 961 976 ἐπιτάξας
975 919 1064 984 παρ-

95 992 239 1080 ήγγελλε
258 999 334 1084 σιγῆ
348 1001 448 1082 ἐχειν,
468 993 506 1063 τό
521 994 838 1085 παραγγελλόμενον
851 993 952 1077 ὀξέως
967 1001 1064 1084 δεχο-

96 1096 232 1182 μένους.
264 1095 320 1163 καλ
333 1094 373 1162 τά
388 1095 451 1183 μέν
469 1101 584 1184 πρῶτα
603 1095 768 1184 ἐσήμηνεν
785 1094 874 1186 ὀρθά
893 1095 1065 1165 ἀνατεῖναι
1082 1109 1098 1158 2

63 1222 84 1262 ιο
97 1194 138 1264 τά
162 1194 290 1284 δόρατα
318 1194 397 1276 τούς
424 1194 581 1283 ὁπλίτας,
614 1203 725 1266 ἔπειτα
756 1195 822 1267 άπό
851 1186 1065 1286 ξυνθήματος

99 1295 273 1366 άποτελυαι
300 1300 333 1377 ἐς
361 1296 550 1386 προβολήν,
574 1299 631 1365 καὶ
654 1303 721 1366 νύν
745 1297 807 1385 μὲν
833 1301 865 1378 ἐς
889 1297 927 1366 τό
955 1297 1066 1380 δεξιόν

100 1401 250 1484 ἐγκλῖναι
267 1403 335 1466 τάν
353 1394 506 1486 δοράτων
523 1395 585 1485 τῆν
605 1395 812 1485 σύγκλεισιν,
836 1391 935 1479 αὖθις
953 1398 990 1468 δέ
1009 1399 1066 1468 ἐπὶ

98 1498 139 1567 τά
163 1496 332 1589 ἀριστερά.
364 1499 421 1567 καὶ
444 1496 552 1586 αύτῆν
579 1499 617 1568 δέ
643 1498 705 1587 τῆν
728 1499 886 1588 φάλαγγα
911 1505 944 1580 ἐς
967 1527 1003 1570 τε
1026 1499 1064 1569 τό

99 1599 216 1688 πρόσω
235 1598 336 1682 ὀξέως
355 1601 486 1687 ἐκίνησε
503 1600 560 1668 καὶ
579 1601 634 1669 ἐπὶ
650 1599 692 1668 τά
708 1601 830 1690 κέρατα
844 1599 961 1670 άλλοτε
978 1597 1064 1692 άλλη

66 1728 88 1767 15
101 1699 284 1792 παρήγαγε.
325 1701 382 1769 καί
412 1699 502 1770 οὕτω
532 1700 657 1781 πολλάς
687 1699 794 1782 τάξεις
824 1701 923 1784 τάξας
948 1728 984 1770 τε
1008 1703 1099 1770 καὶὸ

100 1801 352 1891 μετακοσμήσας
377 1803 414 1870 ἐν
437 1798 542 1895 ὀλίγῳ
566 1801 695 1894 χρόνῳ,
719 1801 802 1870 κατά
824 1801 862 1870 τό
887 1799 1066 1890 εύύνυμον

102 1898 175 1972 οἷον
194 1908 337 1992 ἔμβολον
355 1901 492 1990 ποιήσας
510 1907 568 1989 τῆς
587 1901 759 1990 φάλαγγος
774 1903 896 1988 ἐπῆγεν
915 1904 969 1970 ἐπὶ
985 1901 1066 1982 τούς

102 2010 291 2093 πολεμίους.
326 2009 361 2072 οἱ
376 2003 415 2071 δέ
431 2002 534 2071 πάλαι
550 2002 613 2090 μὲν
632 2002 821 2091 ἐθαύμαζον
846 2002 909 2090 τήν
930 2030 966 2072 τε
983 2001 1066 2084 ὀξύ-

102 2133 182 2192 τητα
200 2099 347 2194 ὁρωντες
370 2105 427 2171 καὶ
451 2102 511 2173 τόν
535 2103 662 2192 κόσμον
678 2107 747 2174 τῶν
765 2105 963 2192 δρωμένων·
992 2103 1066 2175 τότε
1129 2119 1133 2136 “

68 2234 90 2272 ιι
103 2207 139 2276 δὲ
171 2203 404 2294 προσάγοντας
434 2203 500 2293 ἤδη
530 2202 610 2286 τούς
640 2203 727 2294 άμφὶ
753 2202 974 2294 Ἀλέξανδρον
1005 2203 1066 2275 οὐκ

104 2308 278 2393 ἐδέξαντο,
304 2304 388 2376 άλλά
414 2312 567 2376 λείπουσι
590 2304 670 2386 τούς
697 2305 849 2396 πράτονς
873 2306 1008 2394 λόφους.
1048 2305 1101 2375 ὀί

103 2409 141 2478 δὲ
159 2409 215 2476 καὶ
230 2406 433 2490 ἐπαλαλάξαι
447 2408 599 2476 ἐκέλευσε
615 2406 697 2488 τούς
711 2404 913 2487 Μακεδόνας
927 2408 983 2475 καί
996 2421 1067 2488 τοίς

103 2509 223 2599 δόρασι
236 2515 402 2597 δουπῆσαι
416 2507 500 2597 πρός
512 2506 571 2588 τάς
589 2506 748 2588 άσπίδας·
767 2513 803 2577 οί
814 2508 852 2577 δέ
870 2507 1068 2578 Ταυλάντιοι

104 2617 152 2680 ἔτι
175 2615 304 2699 μᾶλλον
322 2611 541 2698 ἐκπλαγέντες
559 2607 644 2698 πρός
661 2614 719 2696 τῆς
737 2614 818 2696 βοῆς
837 2606 881 2690 ύς
899 2607 983 2700 πρός
1005 2607 1068 2696 τῆν

69 2739 92 2778 ιι
106 2712 205 2782 πόλιν
224 2711 438 2799 ἐπανήγαγον
456 2716 591 2801 σπουδή
608 2709 669 2778 τόν
687 2707 839 2800 στρατόν.

176 2812 394 2904 Ἀλέξανδρος
424 2812 462 2882 δέ
491 2811 598 2900 λόφον
631 2809 723 2891 τινάς
750 2812 949 2899 κατέχοντας
984 2809 1100 2880 ίδύνσ

105 2911 145 2986 ού
164 2913 312 2995 πολλοὺς
329 2920 398 2983 τῶν
415 2920 596 3002 πολεμίων,
615 2909 695 3002 παρ’
716 2908 757 2980 δν
770 2906 901 3004 αύτῷῆ
921 2911 1068 3001 πάροδος

108 3021 275 3104 ἐγίγνετο,
306 3015 507 3106 παρήγγειλε
535 3029 606 3094 τοῖς
636 3011 892 3102 σωματοφύλαξι
917 3014 974 3082 καὶ
997 3028 1068 3095 τοῖς

106 3115 189 3207 ἄμφ’
210 3115 315 3186 αύτδν
330 3119 480 3206 ἑταίροις,
498 3114 728 3202 ἀναλαβόντας
744 3112 803 3196 τάς
821 3112 965 3196 άσπίδας
983 3111 1068 3185 ὀνα-

73 3243 96 3284 ιο
108 3227 237 3306 βαίνειν
257 3218 311 3288 ἐπὶ
328 3217 408 3298 τούς
425 3222 550 3296 ἵππους
567 3217 624 3284 καὶ
643 3215 794 3286 ἐλαύνειν
812 3218 867 3285 ἐπὶ
885 3215 946 3286 τόν
963 3216 1065 3304 γήλο-

109 3338 187 3408 φον·
216 3323 323 3389 ἐκείσε
342 3319 379 3388 δέ
399 3317 577 3404 ἐλθόντας,
605 3322 638 3385 εί
652 3314 849 3405 ὑπομένοιεν
866 3323 902 3386 οί
915 3325 1067 3403 κατειλη-

109 3419 205 3508 φότες
222 3419 259 3490 τό
277 3426 414 3512 χωρίον,
433 3417 513 3499 τούς
525 3416 663 3508 ῆμίσεας
676 3423 907 3506 καταπηδῆσαι
919 3416 984 3487 άπό
998 3423 1069 3486 ταῖν
