2572 3920
146 271 155 282 .
217 191 257 256 ις
571 187 820 250 Ακεωιωαεου

216 331 278 420 τὴν
295 331 405 422 μάχην
422 331 580 422 ξύνθημα
594 328 697 414 αύτδς
711 336 842 422 πρῶτος
856 335 1033 424 προσέμιξε
1051 339 1098 428 τῷ
1116 335 1180 424 χά-

217 461 294 524 ρακι
311 435 368 502 καί
386 433 573 514 διασπάσας
587 429 693 504 αύτδν
712 437 870 524 ἐνέβαλεν
888 438 920 519 ἐς
937 440 1006 505 τῶν
1021 444 1180 524 Θηβαίων

182 535 280 623 κτῆν
310 535 541 624 προφυλακήν.
576 533 685 628 τούτῳ
716 535 755 604 δὲ
782 535 941 625 ἑπόμενος
968 535 1133 627 Ἀμύντας
1160 536 1178 606 δ

213 634 475 727 Ἀνδρομένους,
502 631 553 706 ὅτι
576 637 632 706 καί
657 639 916 726 ξυντεταγμένος
940 644 987 732 τῷ
1005 644 1180 730 Περδίκκᾳ
1278 637 1279 662 δ

217 733 278 824 ἦν,
307 735 455 825 ἐπήγαγε
480 738 536 806 καὶ
561 735 663 818 αὐτὸς
686 737 749 826 τὴν
773 738 882 808 αύτού
905 739 1014 828 τάξιν,Ι
1042 735 1087 820 άς
1111 739 1179 808 είδε
1205 769 1220 809 ε

216 837 279 908 τόν
309 843 502 930 Περδίκκαν
536 839 794 926 προεληλυθότα
824 850 903 910 είσω
934 847 994 910 τοῦ
1024 841 1179 930 χάρακος.
1278 863 1279 866 ’

217 945 323 1008 ταῦτα
337 939 376 1008 δέ
391 930 476 1009 ίδάν
489 939 718 1028 Ἀλέξανδρος,
737 938 781 1020 ύς
793 939 838 1028 μη
851 941 949 1029 μόνοι
961 939 1180 1031 ἀποληφθέν-

218 1069 271 1121 τες
301 1039 387 1130 πρός
412 1047 482 1110 τῶν
506 1048 664 1129 Θηβαίων
689 1041 962 1134 κινδυνεύσειαν,
992 1045 1092 1130 ἐπῆγε
1118 1041 1181 1128 την
1278 1075 1279 1080 ’

185 1141 325 1229 σάλλην
351 1141 517 1232 στρατιάν.
569 1144 626 1218 καὶ
655 1141 738 1222 τούς
767 1142 830 1231 μὲν
855 1143 989 1224 τοξότας
1015 1145 1072 1212 καὶ
1101 1143 1180 1223 τούς

216 1241 394 1332 Ἀγριᾶνας
413 1245 592 1332 ἐκδραμεῖν
611 1242 775 1332 ἐσήμηνεν
793 1253 872 1313 είσω
885 1249 946 1312 τού
959 1243 1120 1335 χάρακος,
1138 1241 1179 1312 τά
1194 1273 1220 1314 ιο

219 1344 258 1412 δέ
282 1341 434 1431 άγήματα
457 1345 512 1412 καὶ
531 1343 611 1424 τούς
628 1343 840 1424 ὑπασπιστάς
858 1351 904 1414 έτι
930 1348 993 1428 ἔξω
1016 1359 1179 1434 κατεῖχεν.
1231 1353 1246 1359 ”
1278 1363 1279 1412 ι

219 1451 306 1513 ἔνθα
333 1442 375 1532 δὴ
392 1451 583 1535 Περδίκκας
599 1445 662 1533 μέν
679 1451 741 1514 τοῦ
760 1447 920 1534 δευτέρου
939 1445 1083 1536 χάρακος
1100 1456 1180 1516 εἴσω
1278 1423 1279 1512 δ

219 1553 405 1634 παρελθεῖν
422 1545 613 1634 βιαζόμενος
629 1543 731 1626 αύτδς
748 1545 811 1634 μὲν
827 1548 967 1634 βληθείς
985 1555 1097 1617 πίπτει
1114 1544 1180 1617 αύ-

218 1651 298 1714 τού·
325 1647 381 1714 καὶ
399 1643 629 1734 ἀποκομίζεται
646 1652 757 1727 κακοῖς
778 1653 864 1736 ἔχων
878 1649 932 1717 έπί
944 1647 981 1718 τό
995 1649 1177 1739 στρατόπε-

220 1752 293 1834 δον,
311 1748 367 1814 καὶ
380 1752 533 1834 χαλεπάς
551 1747 697 1836 διεσάθη
715 1745 782 1818 άπδ
799 1753 861 1818 τοῦ
879 1749 1084 1842 τραύματος·
1101 1749 1181 1830 τούς
1195 1778 1220 1819 ιε

220 1849 333 1935 μέντοι
356 1855 525 1936 Θηβαίους
553 1851 586 1929 ές
611 1848 675 1936 τὴν
700 1857 817 1937 κοίλην
840 1843 926 1920 ὁδόν
952 1851 1015 1940 τήν
1037 1850 1120 1920 κατά
1143 1850 1181 1920 τδ

216 1943 411 2038 Ἡράκλειον
429 1951 602 2038 φέρουσαν
620 1957 656 2019 οί
671 1950 739 2038 άμα
753 1949 847 2044 αύτῷ
864 1953 1075 2034 εἰσπεσόντες
1094 1951 1181 2042 ὁμοῦ

184 2061 203 2110 4
219 2065 290 2130 τοῖς
304 2047 383 2136 παρ’
401 2049 622 2140 Ἀλεξάνδρου
636 2051 781 2132 τοξόταις
794 2053 1020 2124 συνέκλεισαν.
1038 2055 1095 2122 καὶ
1109 2060 1183 2124 ἔστε
1278 2087 1279 2090 “

219 2150 282 2238 μὲν
313 2152 368 2219 έπλ
397 2150 434 2220 τό
448 2193 449 2196 ¹
463 2145 658 2238 Ἡράκλειον
688 2149 920 2240 άναχωρούσιν
947 2159 1080 2224 εἵποντο
1109 2170 1181 2236 τοῖς
1278 2147 1279 2156 ¹

221 2257 378 2339 Θηβαίοις
386 2270 404 2308 ··
413 2255 574 2321 ἐντεῦθεν
589 2252 627 2321 δέ
641 2252 910 2343 ἐπιστρεψάντων
923 2249 1026 2337 αὖθις
1037 2255 1103 2326 σύν
1116 2261 1181 2346 βοῇ
1194 2285 1220 2328 ω

219 2359 288 2421 τῶν
312 2359 470 2440 Θηβαίων
493 2352 586 2442 φυγὴ
608 2359 676 2421 τῶν
696 2353 909 2425 Μακεδόνων
931 2363 1096 2444 γίγνεται·
1124 2358 1198 2433 καὶ,
1278 2403 1279 2408 1

221 2451 429 2543 Εύρνβύτας
445 2481 481 2524 τε
505 2451 523 2522 ό
542 2453 634 2545 Κρὴς
652 2461 763 2524 πίπτει
780 2454 798 2524 ὁ
816 2457 975 2548 τοξάρχης
992 2459 1049 2526 καὶ
1067 2455 1181 2527 αύτοῑν

219 2557 288 2623 τόν
304 2556 449 2636 τοξοτῶν
464 2558 496 2636 ές
512 2555 751 2644 ἑβδομήκοντα·
771 2562 805 2626 οί
817 2558 855 2626 δὲ
868 2559 978 2628 λοιποί
991 2561 1182 2646 κατέφυγον
1278 2577 1279 2580 ’

221 2654 305 2745 πρδς
329 2654 366 2724 τό
385 2655 496 2745 άγημα
518 2655 555 2725 τδ
580 2663 649 2727 τάν
667 2658 879 2729 Μακεδόνων
896 2660 953 2728 καί
970 2661 1050 2742 τούς
1067 2655 1181 2730 ύπασ·

187 2771 203 2844 ὁ
221 2755 338 2837 πιστάς
350 2753 430 2838 τούς
443 2758 643 2846 βασιλικούς.
670 2757 735 2828 κάν
747 2760 856 2854 ’τούτῳ
870 2759 1087 2853 Ἀλέξανδρος
1100 2761 1180 2842 τούς
1194 2789 1218 2830 ει

220 2859 283 2948 μὲν
308 2853 415 2928 αὑτοῦ
440 2859 628 2948 φεύγοντας
654 2859 816 2949 κατιδύν,
841 2860 922 2942 τούς
949 2871 1117 2950 Θηβαίους
1144 2863 1182 2932 δέ

221 2959 401 3041 λελυκότας
420 2963 456 3030 έν
478 2967 520 3050 τῇ
538 2961 647 3042 διάξει
670 2960 732 3049 την
749 2962 860 3050 τάξιν,
886 2963 1040 3051 ἐμβάλλει
1063 2967 1097 3045 ές
1116 2962 1181 3034 αύ-

220 3059 299 3140 τούς
324 3063 571 3150 συντεταγμένη
594 3067 637 3150 τῇ
661 3062 822 3150 φάλαγγι·
849 3068 884 3132 οί
900 3064 938 3133 δὲ
956 3063 1086 3134 ω’θούσι
1102 3064 1182 3146 τούς

223 3169 392 3250 Θηβαίους
422 3171 503 3230 είσω
533 3167 602 3230 τάν
625 3167 760 3232 πυλῶν·
792 3164 941 3246 καὶτοῖς
965 3173 1123 3255 Θηβαίοις
1148 3169 1181 3247 ές

221 3260 359 3332 τοσόνδε
388 3256 409 3351 ἡ
439 3260 532 3350 φυγὴ
559 3261 687 3354 φοβερά
720 3267 1003 3354 ἐγίγνετο,ὀ5’στε
1033 3267 1089 3338 διά
1111 3273 1220 3337 τῶνα

221 3369 338 3432 πυλῶν
363 3359 553 3452 ὠθούμενοι
577 3366 610 3446 ἐς
628 3364 692 3454 τὴν
714 3367 813 3437 πόλιν
836 3366 899 3437 ούκ
921 3373 1076 3458 ἔφθησαν
1093 3391 1180 3457 συγ-

220 3473 347 3536 κλεῖσαι
364 3463 424 3548 τάς
442 3464 568 3548 πύλας·
587 3464 672 3538 άλλά
690 3474 966 3538 συνεισπίπτουσι
981 3470 1052 3562 γάρ,
1065 3470 1180 3552 αύτοίς
