2620 3924
482 163 671 218 ΔΝΑΒΑΣῙΣ
688 167 713 229 2,
733 167 773 218 13.
1066 166 1106 229 ’Π

225 303 443 393 Φαρνάβαζος
456 302 495 372 δὲ
508 305 565 372 καλ
576 303 846 393 Αὐτοφραδάτης
858 305 941 386 τέως
954 303 1017 392 μὲν
1030 308 1107 394 περὶ
1124 323 1142 372 4

147 404 210 490 τήν
224 411 310 474 Χίον
328 406 508 493 διέτριβον·
536 405 802 490 καταστήσαντες
820 403 859 473 δδ
875 406 1032 494 φρουράν
1049 410 1107 494 τής

148 514 236 576 Χίου
260 505 322 585 τάς
345 506 408 592 μέν
430 530 524 584 τινας
547 507 616 573 τῶν
638 508 727 574 νεῶν
753 509 786 584 ἐς
805 509 865 575 Κῶ
882 507 940 574 καὶ
954 505 1108 596 Ἀλικαρ-

146 606 276 674 νασσὸν
291 612 454 674 ἔστειλαν
481 604 580 674 αὐτοι
569 604 665 674 δὲ
647 605 767 675 εκατδν
781 607 885 674 ναυσὶ
902 622 977 686 ταῖς
990 605 1107 696 ἀριστα

120 735 134 776 ε
148 705 360 785 πλεούσαις’
341 704 543 793 αναγόμενοι
556 709 590 785 ἐς
604 715 741 794 Σίφνον
754 708 924 792 κατέσχον.
958 710 1015 776 καὶ
1030 707 1105 800 παρ’

148 807 277 886 αὐτούς
291 805 482 894 ἀφικνεῖται
490 798 620 891 Ayt9‘
601 834 618 874 ο
638 811 707 875 τῶν
721 812 997 932 Λακεδαιμονίων
1009 815 1107 896 βασι-

148 908 228 986 λεύς
248 909 303 976 ἐπὶ
320 912 397 1034 μιρῖς
413 907 589 996 τριήρους,
607 908 759 1030 χρήμμτά
776 934 811 976 τε
828 935 849 974 α
853 908 976 994 ίτήσων
996 909 1082 988 ἐς
1047 935 1107 977 τον

147 1007 296 1094 πόλεμον
313 1009 370 1076 καὶ
393 1007 539 1095 δυ’ναμιν
562 1007 725 1094 ναυτικήν
748 1009 858 1077 τεκαὶ
876 1006 1045 1096 πεζικήν”
1025 1027 1108 1096 οσην

148 1115 310 1196 πλείστην
337 1107 490 1188 ἀξιάσωυ
515 1109 712 1195 συμπέμψαι
734 1114 771 1178 ολ
792 1111 826 1188 ἐς
848 1109 910 1194 τήν
929 1108 1107 1180 Πελοπόν-

109 1238 134 1278 ιο
147 1229 263 1296 νησον.
309 1210 366 1276 καὶ
398 1211 435 1278 ἐν
458 1209 570 1300 τούτφ
594 1207 735 1294 ἀγγελία
757 1208 874 1287 αὐτοῖς
899 1215 1028 1298 ἔρχεται
1049 1211 1141 1295 τήςσ

147 1309 255 1396 μάχης
285 1311 344 1396 τῆς
369 1309 454 1398 πρδς
474 1307 569 1398 Ἰσσῷ
592 1311 783 1396 γενομένης.
827 1311 1047 1394 ἐκπλαγέντες
1070 1309 1109 1378 δὲ

148 1410 234 1498 πρὸς
256 1409 297 1477 τά
318 1410 562 1496 ἐξαγγελθέντα
582 1410 798 1498 Φαρνάβαζος
815 1409 878 1496 μὲν
895 1409 961 1478 σδν
979 1409 1109 1478 δάδεκα

147 1511 295 1599 τριήρεσι
312 1512 371 1578 καὶ
389 1513 458 1578 τῶν
474 1509 696 1599 μισθοφόρων
713 1511 819 1592 ξένων
837 1509 900 1591 ξύν
916 1517 1034 1596 χιλίοις
1050 1513 1108 1579 καὶ

148 1617 380 1690 πεντακοσίοις
403 1612 459 1678 ἐπὶ
478 1617 573 1678 Χίου.
591 1611 730 1698 ἐστάλη,
761 1616 875 1690 δείσας
898 1611 944 1697 μή
967 1637 998 1680 τι
1022 1610 1108 1700 πρὸς

111 1739 137 1779 15
148 1712 211 1797 τήν
228 1711 393 1797 ἀγγελίαν
410 1713 469 1796 τῆς
486 1707 585 1798 ήττης
603 1716 639 1779 οί
650 1721 727 1780 Χῖοι
742 1718 994 1799 νεωτερίσωσιν.
1014 1703 1107 1797 Ἀγις
1126 1725 1142 1774 6
1168 1707 1185 1722 ““

149 1812 189 1881 δὲ
219 1810 294 1900 παρ’
321 1810 595 1899 Αὐτοφραδάτου
624 1811 772 1880 τάλαντα
799 1810 969 1900 ἀργυρίου
993 1811 1108 1899 λαβιδν

148 1913 330 2000 τριάκοντα
360 1913 417 1980 καὶ
442 1911 582 2000 τριήρεις
609 1913 709 1998 δίκα,
743 1910 868 1990 ταύτας
891 1910 954 1998 μὲν
974 1909 1108 1980 Ἱππίαν

148 2012 272 2094 ἄξοντα
300 2011 495 2084 ἀποστέλλει
524 2012 615 2098 παρδι
641 2011 702 2080 τὸν
730 2009 881 2098 ἀδελφὸν
909 2012 970 2080 τὸν
1000 2010 1107 2080 αὐτοῦ

145 2112 347 2200 Ἀγησίλαον
375 2115 431 2182 ἐπὶ
462 2119 646 2199 Ταίναρον.
685 2113 743 2180 καὶ
767 2113 1010 2199 παραγγέλλειν
1034 2114 1109 2181 ἐκέ-

112 2243 137 2284 ιο
150 2222 269 2283 λευσεν
284 2212 470 2303 Ἀγησιλάῳ
479 2265 488 2300 ,
513 2211 650 2280 διδόντα
667 2227 739 2291 τοϊς
755 2211 896 2292 ναύταις
915 2216 1029 2299 ίντελή
1047 2213 1109 2281 τὸν

149 2315 274 2402 μισθὸν
293 2321 392 2382 πλεῖν
408 2313 470 2401 τὴν
487 2319 647 2400 ταχίστην
667 2314 722 2382 ἐπὶ
741 2313 893 2401 Κρήτης,
917 2313 963 2393 άς
980 2315 1021 2381 τά
1041 2316 1111 2383 ἐκεῖ

149 2413 448 2540 καταστησόμενον.
489 2412 592 2493 αὐτὸς
611 2412 650 2481 δὲ
667 2413 741 2480 τότε
757 2413 820 2500 μὲν
837 2411 945 2482 αὐτοῦ
973 2415 1010 2482 ἐν
1034 2427 1108 2492 ταῖς

149 2516 265 2602 νήσοις
278 2513 459 2602 ὑπέμενεν,
477 2510 673 2603 ὕστερονδὲ
688 2520 737 2594 είς
751 2512 1014 2605 Ἀλικαργασσδν
1032 2512 1105 2654 παρ’

142 2615 418 2704 Αὐτοφραδάτην
435 2613 583 2702 ἀφίκετο.

113 2741 139 2782 ει
223 2714 503 2805 ἈλεἜανδροςδδ
528 2713 701 2805 σατράπην
724 2713 786 2801 μὲν
805 2720 921 2804 Σινρίμ
945 2741 985 2838 τη
1011 2719 1141 2804 κοιλήτ

152 2819 303 2886 Μένωνα
333 2817 394 2884 τὸν
425 2821 601 2904 Κερδίμμα
634 2814 786 2934 ἐπέταξε,
822 2815 904 2894 δούς
936 2813 1028 2903 αὐτῷ
1060 2822 1108 2895 είς
1179 2895 1185 2906 ,

150 2917 308 3005 φυλακήν
338 2919 397 3004 τῆς
427 2915 538 3003 χάρας
567 2915 647 2995 τούς
675 2918 744 2982 τῶν
767 2914 952 3001 συμμάχων
977 2915 1108 2994 ίππέας.

151 3017 255 3097 αὐτὸς
272 3017 311 3087 δὲ
329 3017 385 3087 ἐπὶ
405 3025 563 3104 Φοινίκης
581 3014 647 3104 ᾔει.
683 3017 740 3083 καὶ
758 3013 891 3104 ἀπαντᾷ
910 3011 1005 3104 αὐτῷ
1023 3017 1107 3082 κατά

150 3119 211 3208 τήν
224 3117 308 3188 δδόν
319 3118 484 3207 Στράτων
497 3115 515 3185 ὁ
531 3115 763 3205 Γηροστράτου
777 3131 856 3196 παῖς
869 3116 931 3182 τοῦ
942 3113 1109 3204 Ἀραδίων

116 3243 140 3285 ω
151 3246 186 3290 τε
202 3222 260 3288 καλ
278 3221 347 3287 τῶν
361 3217 492 3309 Ἀράδφ
509 3223 701 3306 προσοίκων
714 3218 885 3304 βασιλέως·
913 3213 984 3284 δδδ
998 3216 1109 3306 [ηρό-

152 3344 292 3408 στρατος
322 3318 426 3398 αὐτὸς
453 3315 519 3405 μετ’
545 3315 817 3406 Αὐτοφραδάτου
844 3323 934 3386 ἔπλει
959 3317 1014 3385 ἐπὶ
1039 3320 1108 3384 τάν

151 3423 258 3508 νεῶν,
284 3421 342 3489 καλ
367 3425 403 3489 oc
423 3417 518 3487 ἄλλοι
535 3423 621 3487 οἵτε
638 3420 707 3485 τῶν
726 3424 895 3487 Φοινίκων
912 3417 970 3484 καὶ
988 3421 1024 3484 oc
1038 3420 1108 3482 τῶν
