2632 3922
460 110 643 163 ιιιιοενιτ
661 111 686 177 ε,
705 112 746 162 ιι.
1028 107 1091 173 263

113 267 161 337 ού
179 267 340 358 καρτερός
352 259 396 354 ἦν
410 263 596 354 ἀπέχεσθαι
608 272 676 335 τῶν
693 265 874 338 κινδύνων.
903 265 1090 357 άνθρωπον
1109 285 1124 334 5

84 362 88 369 ¹
115 371 163 438 δέ
185 395 260 438 τινα
285 365 514 456 πρεσβύτερον
541 370 628 454 λέχει
656 367 828 455 Βοιύτιου,
854 364 892 437 τό
919 367 956 436 δέ
984 365 1090 457 ὄνομα

35 499 36 503 ’
114 475 183 539 τοῦ
201 466 388 558 άνθριάπου
407 460 448 538 ού
470 468 569 556 λέγει,
598 461 643 548 άς
669 467 861 557 άχθόμενόν
878 495 914 538 τε
931 469 1015 560 πρὸς
1031 467 1098 550 τάς,

118 569 322 659 ἐπιτιμήσεις
348 573 416 639 τῶν
442 575 553 657 φίλων
567 568 764 656 ’κατέμαθεν
787 567 1008 660 ’ᾼλέξανδρον
1034 572 1091 638 καὶ

77 699 103 740 ·ε
118 670 429 761 ἐσκυθρωπακότα,
455 670 688 759 προσελθόντα
714 673 835 738 τούτόν
861 671 1091 757 βοιωτιάζοντα

120 769 220 862 [ἅμα]
239 775 281 861 τῇ
299 777 399 860 φωνῇ
416 777 523 840 ταύτα
541 767 661 860 φάναι·
688 763 935 859 οἶἈλέξανδρε,
953 767 1091 862 ἀνδρῶν

118 870 164 942 τά
184 879 281 962 ἔργα·
315 879 376 942 καί
389 898 420 940 τι
436 871 493 941 καὶ
512 877 665 960 ἰαμβεῖον
681 865 851 958 ὑπειπεῖν,
869 873 929 940 τὸν
947 872 985 942 δέ
1002 879 1090 942 νούν

120 971 211 1042 εἶναι
226 979 287 1042 τού
308 979 462 1061 ίαμβείον
477 969 526 1041 ότι
538 975 585 1064 τῷ
603 999 633 1040 τι
650 977 773 1061 δρῶντι
785 974 842 1041 καὶ
857 982 983 1042 παθεῖν
1002 977 1091 1044 ἐστιν

121 1073 354 1162 ὀφειλόμενον.
381 1074 439 1142 καὶ
451 1078 574 1142 τούτου
588 1077 625 1142 έν
638 1099 674 1141 τε
686 1079 735 1164 τῷ
750 1080 940 1163 παραυτίκα
955 1069 1090 1142 εύδοκι-

79 1204 108 1244 ιο
121 1179 226 1264 μησαι
251 1175 308 1243 καὶ
335 1174 598 1264 ἐπιτηδειότερον
625 1175 658 1254 ές
683 1173 720 1244 τὸ
749 1180 858 1244 ἔπειτα
882 1173 1090 1268 Ἀλεξάνδρῳ
1173 1166 1176 1171 ’

122 1277 293 1364 γενέσθαι.
397 1297 400 1303 ·

197 1374 252 1446 Ἐν
278 1376 386 1468 τούτῳ
412 1374 450 1444 δέ
476 1373 640 1464 άφίκοντο
666 1373 747 1466 παρ’
772 1374 993 1464 Ἀλέξανδρον
1020 1383 1089 1446 τῶν
1102 1371 1143 1435 14

123 1479 278 1548 Μαλλῶν
303 1481 371 1546 τῶν
397 1475 673 1564 ὑπολειπομένων
700 1479 873 1566 πρέσβεις,
902 1477 1089 1558 ἐνδιδόντες

122 1575 161 1646 τό
190 1585 307 1668 ἔθνος,
340 1578 398 1646 καὶ
431 1576 521 1667 παρά
545 1575 761 1668 Ὀξυδρακῶν
793 1583 830 1647 ολ
859 1603 896 1646 τε
928 1577 1090 1667 ἡγεμόνες

84 1685 193 1748 ιετεόν
218 1678 350 1748 πόλεων
375 1678 432 1747 καὶ
458 1683 494 1748 οί
517 1677 680 1768 νομάρχαι
706 1677 803 1748 αὐτοὶ
830 1679 886 1750 καί
912 1677 1005 1748 άλλοι
1022 1678 1090 1768 ἅμα

123 1779 255 1860 τούτοις
295 1777 414 1849 ἑκατόν
445 1779 502 1848 καὶ
536 1776 743 1866 πεντήκοντα
776 1784 813 1848 οί
840 1777 1091 1868 γνωριμοότατοι

124 1879 364 1974 μότοκράτορες
391 1882 469 1970 περὶ
495 1884 654 1948 σπονδῶν
680 1878 774 1967 δῶρά
800 1905 835 1948 τε
862 1877 925 1949 ὅσα
951 1881 1090 1966 μέγιστα

124 1979 204 2072 παρ’
229 1979 348 2061 Ἰνδοῖς
373 1987 562 2069 κομίζοντες
588 1980 644 2048 καλ
669 1980 707 2049 τό
728 1987 829 2060 ἔθνος
847 1980 903 2048 καὶ
921 1971 1015 2048 οὖτοι
1033 1983 1091 2049 έν-

126 2081 284 2162 διδόντες.
319 2080 516 2168 ξυγγνωστά
541 2080 579 2150 δέ
597 2078 757 2171 άμαρτεῖν
777 2087 908 2168 ἔφασαν
926 2080 966 2149 ού
986 2079 1089 2166 πάλαι
1106 2089 1123 2138 2

88 2213 113 2253 ιο
126 2181 205 2272 παρ’
225 2181 331 2252 αὐτόν
349 2181 651 2273 πρεσβευσάμενοι·
680 2185 859 2270 ἐπιθυμεῖν
877 2181 957 2272 γάρ,
976 2177 1090 2271 οἵσπερ

124 2285 210 2364 τινὲς
242 2283 355 2369 άλλοι,
390 2289 438 2352 ἔτι
470 2287 599 2370 μᾶλλον
625 2278 722 2352 αύτοδ
750 2286 945 2372 ἐλευθερίας
971 2309 1007 2350 τε
1033 2284 1090 2351 καὶ

125 2383 304 2474 αὐτόνομοι
317 2383 416 2471 εἶναι,
432 2381 552 2471 ἥντινα
566 2386 765 2474 ἐλευθερίαν
781 2387 813 2466 ἐξ
827 2382 905 2452 ότου
922 2383 1091 2462 Διόνυσος

128 2491 159 2566 ἐς
181 2483 310 2564 Ἰνδούς
335 2475 394 2572 ἧκε
421 2483 514 2553 σοιάν
540 2491 656 2572 σφίσιν
683 2483 770 2554 εἶναι
797 2487 830 2564 ές
854 2483 1089 2574 Ἀλέξανδρον·

127 2593 158 2656 εί
175 2586 212 2655 δέ
225 2583 437 2676 Ἀλεξάνδρμ
454 2589 580 2655 δοκοῦν
599 2587 701 2673 ἐστιν,
729 2584 778 2654 ότι
795 2587 852 2654 καὶ
867 2583 1089 2675 Ἁλέξανδρον
1161 2645 1166 2653 .

91 2714 115 2756 ιι
128 2684 192 2756 άπό
225 2691 317 2755 θεῶν
349 2686 508 2772 γενέσθαι
537 2685 637 2774 λόχος
672 2688 817 2774 κατέχει,
850 2686 1024 2774 σατράπην
1055 2713 1091 2754 τε

128 2785 348 2868 ἀναδέξεσθαι
373 2784 489 2856 ὅντινα
515 2788 625 2856 τάττοι
638 2783 857 2875 Ἀλέξανδρος
883 2789 941 2855 καὶ
962 2785 1091 2876 φόρους

128 2885 279 2958 άποίσειν
316 2885 397 2967 τούς
426 2881 635 2981 Ἀλεξάνδρμ
670 2883 853 2968 δόξανταςῖ
892 2886 1022 2956 διδόναι
1053 2886 1113 2956 δὲ·

128 2989 181 3058 καὶ
212 2987 362 3078 ὁμήρους
395 2989 525 3058 ἐθέλειν
555 2987 666 3068 ὅσους*
689 2985 731 3057 άν
763 2991 840 3078 αἰτῇ
864 2985 1089 3078 Ἀλέξανδρος.

128 3086 199 3158 όδέ
216 3095 343 3177 χιλίους
361 3087 462 3178 ᾔτησε
480 3087 559 3171 τούς
575 3089 852 3180 κρατιστεύοντας
869 3095 930 3158 τοῦ
954 3095 1090 3176 ἔθνους,
1109 3109 1126 3158 3

95 3223 118 3265 τι
130 3189 198 3280 ούς,
225 3197 259 3261 εἰ
272 3190 336 3279 μὲν
353 3187 520 3279 βούλοιτο,
548 3187 625 3259 άντλ
644 3189 781 3280 ὁμήρων
798 3190 968 3272 καθέξειν·
1004 3197 1037 3260 εί
1053 3189 1091 3259 δὲ

131 3291 181 3378 μή,
200 3291 487 3382 ξυστρατεύοντας
502 3289 588 3370 ἕξειν
604 3290 670 3361 ἔστ’
691 3288 735 3360 άν
749 3293 980 3380 διαπολεμηθῇ
997 3289 1092 3381 αύτῷ

132 3390 209 3481 πρός
234 3391 315 3475 τούς
341 3391 465 3472 ἄλλους
488 3389 628 3472 Ἰνδούς.
673 3395 709 3462 οί
732 3392 769 3462 δὲ
795 3391 874 3473 τούς
901 3417 936 3462 τε
961 3399 1091 3480 χιλίους
