2620 3924
504 166 688 218 εαιειειε
705 171 735 232 ι,
754 173 778 219 τ.
1062 167 1122 234 155

155 327 244 404 δίψει
271 348 306 390 τε
323 320 344 408 ἡ
362 321 499 408 στρατιά
518 327 609 392 πάσα
628 334 745 412 είχετο,
772 325 828 392 καί
847 321 950 406 αύτδς
966 323 1121 408 Ἀλέξαν-

154 427 233 512 δρος
266 421 419 492 ἐλαύνων
453 429 543 492 πίνει
574 421 694 494 ὁποῖον
726 418 770 512 ῆν
804 423 899 511 ὕδωρ
933 429 970 495 έν
1001 431 1042 516 τῆ
1075 433 1121 517 γῆ

155 525 277 611 ἐκείνη.
335 524 391 592 καὶ
423 515 467 609 ῆν
498 523 563 612 γάρ
595 525 745 615 πονηρὰν
784 525 822 595 τὸ
857 525 971 616 ὕδωρ,
1011 531 1154 616 ῥεύμα9

154 621 284 710 ἀθρόον
302 621 523 711 κατασκήπτει
541 622 635 718 αύτῷ
664 629 697 708 ἐς
722 627 784 714 τῆν
802 629 957 715 γαστέρα·
990 629 1046 697 καλ
1067 629 1121 698 ἐπὶ

128 730 242 816 ττῷδε
267 722 288 812 ῆ
314 727 424 806 δίωξις
451 719 514 793 ούκ
542 727 596 796 ἐπὶ
630 725 767 796 πάντων
795 735 947 798 Σκυθεόν
975 729 1119 816 ἐγένετο·

154 834 187 896 εἰ
212 824 250 894 δὲ
273 824 331 913 μῆ,
358 829 518 896 δοκοῦσιν
535 823 578 894 liv
604 855 658 914 μοι
676 832 732 896 καλ
752 828 874 909 πάντες
892 833 1121 918 διαφθαρῆναι

155 930 192 996 έν
217 927 259 1016 τῆ
287 929 395 1014 φυγῇ,
423 931 455 998 εί
478 925 523 1014 μῆ
546 925 815 1020 Ἀλέξανδρος
841 927 879 998 τδ
897 936 992 1018 σῶμα
1011 936 1120 1018 ἔκαμε.

153 1027 211 1095 καλ
245 1024 348 1116 αύτδς
382 1029 416 1106 ἐς
448 1032 587 1115 ἔσχατον
619 1029 783 1099 κινδύνου
820 1029 931 1100 ε’λθοδν
959 1033 1121 1118 ἐκομίσθη

154 1123 262 1196 ὀπίσω
296 1130 330 1206 ἐς
360 1127 397 1195 τδ
431 1127 667 1216 στρατόπεδον.
726 1133 783 1199 καὶ
822 1129 912 1200 οὕτω
945 1133 1067 1218 ξυνέβη
1100 1129 1121 1218 ῆ

115 1258 142 1298 ιο
156 1233 294 1316 μαντεία
318 1221 562 1321 Ἀριστάνδρῳ.

226 1324 361 1414 Ὀλίγον
395 1327 432 1397 δὲ
458 1326 602 1418 ὕστερον
629 1328 720 1418 παρά
747 1335 808 1400 τοῦ
835 1331 996 1418 βασιλέως
1024 1327 1158 1400 xxv-5

153 1434 229 1506 θῶν
256 1427 479 1515 ἀφικνοῦνται
498 1428 579 1519 παρ’
601 1429 822 1521 Ἁλέξανδρον
840 1432 1005 1520 πρέσβεις,
1032 1425 1121 1518 ύπὲρ

153 1531 222 1598 τῶν
246 1529 469 1616 πραχθέντων
496 1535 529 1611 ἐς
555 1528 743 1618 άκολογίαν
771 1532 1038 1619 ἐκπεμφθέντες,
1072 1527 1122 1600 ὅτι

155 1628 219 1698 ούκ
231 1624 299 1696 ιἰπδ
313 1634 375 1696 τού
387 1633 503 1698 κοινοῦ
514 1635 583 1698 τῶν
592 1633 744 1700 Σκυθῶν
759 1629 924 1718 ἐπράχθη,
934 1629 1020 1702 άλλδι
1038 1630 1119 1700 καθ’
1154 1677 1158 1684 ,

113 1758 141 1798 15
155 1724 313 1818 άρπαγῆυ
346 1733 511 1822 λῃστρικῷ
544 1731 659 1824 τρόπῳ
692 1733 899 1819 σταλέντων,
931 1733 988 1800 καί
1020 1729 1122 1811 αύτὸς

154 1829 205 1900 ὅτι
239 1831 347 1900 ἐθέλει
379 1845 487 1900 ποιεῖν
518 1831 558 1900 τά
593 1830 871 1920 ἐπαγγελλόμενα.
924 1833 980 1900 καὶ
1011 1831 1121 1924 τούτῳ

155 1931 380 2019 φιλάνθρωπα
407 1933 589 2002 ἐπιστέλλει
610 1930 841 2020 Ἀλέξανδρος,
867 1931 918 2000 δτι
945 1930 1023 2002 ούτε
1042 1932 1120 2000 άπι-

156 2033 301 2102 στούντα
326 2029 371 2120 μῆ
400 2034 561 2114 ἐπεξιέναι
586 2031 692 2102 καλὸν
718 2027 811 2123 αύτῷ
841 2034 1013 2120 ἐφαίνετο,
1042 2031 1121 2102 ούτε

155 2131 238 2200 κατά
265 2131 383 2217 καιρδν
408 2125 451 2220 ῆν
479 2137 516 2202 ἐν
541 2137 586 2226 τῷ
614 2133 689 2204 τότε
717 2133 885 2212 ἐπεξιέναι.

47 2237 53 2244 ’
114 2262 166 2312 εοΙ
235 2237 282 2302 Oi
305 2231 343 2300 δέ
370 2235 406 2302 έν
431 2233 671 2323 Μαρακάνδοις
698 2231 736 2302 ἓν
761 2237 805 2324 τῇ
831 2233 919 2324 άκρᾳ
946 2233 1154 2323 φρουρούκ

155 2361 248 2420 μενοι
266 2332 465 2414 Μακεδόνες
492 2338 680 2422 προσβολῆς
705 2335 887 2423 γενομένης
913 2339 954 2422 τῆ
978 2331 1066 2424 άκρᾳ
1086 2339 1122 2404 ἐκ
1225 2359 1236 2380 ·

156 2434 389 2522 Σπιταμένους
412 2437 521 2504 τεκαὶ
539 2432 710 2523 τύνάμαέ
730 2433 837 2504 αύτόν
856 2436 1122 2524 ἐπεκδραμόντες

155 2534 360 2604 ἀπέκτεινάν
385 2562 421 2604 τε
452 2539 521 2604 τῶν
548 2542 717 2623 πολεμίων
744 2543 834 2606 ἔστιν
861 2533 922 2616 ούς
947 2537 1004 2604 καί
1031 2535 1122 2605 άπω-

156 2655 259 2705 σαντο
282 2635 495 2724 ξύμπαντας,
527 2639 585 2706 καλ
609 2631 707 2706 αύτοὶ
730 2637 874 2718 ἀπαθεῖς
899 2636 1121 2725 ἀπεχώρησαν

116 2762 142 2804 25
158 2741 191 2815 ἐς
224 2735 286 2822 τῆν
317 2735 434 2824 άκραν.
496 2735 540 2817 ὡς
573 2736 610 2806 δὲ
643 2739 699 2806 καὶ
733 2743 769 2807 οἱ
804 2736 867 2807 ὑπ’
898 2735 1154 2826 Ἀλεξάνδρου3

157 2837 349 2924 ἐσταλμένοι
375 2840 409 2916 ές
428 2837 642 2927 Μαράκανδα
664 2837 728 2924 ῆδη
747 2837 975 2926 προσάγοντες
994 2848 1121 2908 Σπιτα-

47 3007 50 3014 ,
155 2939 249 3024 μένει
282 2939 535 3024 ἐξηγγέλλοντο,
567 2936 629 3024 τῆν
654 2938 717 3026 μὲν
750 2945 946 3026 πολιορκίαν
979 2941 1122 3008 ἐκλείπει

155 3043 214 3124 τῆς
240 3035 357 3127 άκρας,
385 3035 487 3119 αύτός
514 3038 552 3108 δὲ
579 3038 624 3118 οδς
651 3041 684 3118 ές
709 3037 750 3108 τά
775 3046 927 3126 βασίλεια
950 3041 1008 3124 τῆς
1028 3049 1121 3124 Συγ-

156 3143 274 3224 διανῆς
300 3135 469 3226 άνεχύρει.
523 3136 723 3228 Φαρνούχης
748 3139 786 3209 δὲ
812 3141 869 3210 καὶ
896 3144 932 3208 οί
947 3140 1010 3220 ξύν
1028 3137 1121 3232 αύτῷ

118 3267 143 3308 ιο
157 3240 336 3326 στρατηγοὶ
370 3239 574 3318 σπεύδοντες
602 3241 752 3322 ἐξελάσαι
777 3240 884 3310 αὐτὸν
909 3241 1122 3312 παντάπασιν

158 3341 215 3408 έπί
239 3365 274 3408 τε
299 3340 340 3407 τδι
368 3338 442 3431 ὅρια
467 3342 526 3427 τῆς
545 3343 734 3428 Σογδιανῆς
761 3343 960 3423 ξυνείποντο
983 3341 1120 3428 ύποχοτ·

156 3444 275 3526 ρούντι
300 3443 357 3509 καὶ
385 3448 433 3522 είς
459 3441 538 3522 τούς
566 3441 725 3529 Νομάδας
744 3441 824 3522 τούς
844 3442 986 3530 Σκύθας
1003 3441 1120 3512 ούδενὶ
