2620 3924
441 179 627 234 εαεειειτ
645 183 671 244 ε,
692 181 730 233 ιο.
1036 177 1077 244 81

110 320 245 409 άμφοῖν
274 323 400 406 ἐπιεικῆ
433 322 659 408 ἐνθυμηθείς,
691 325 763 410 ἐδίμ
787 319 825 389 δέ
850 327 1113 390 Θεσσαλίσκον4

112 423 176 511 μὲν
201 427 296 491 αἰδοῖ
316 424 377 490 τοῦ
402 423 524 508 γένους
547 421 681 508 ἀφιέναι
706 419 819 508 εἶπεν,
849 418 987 490 ὅτιτῶν
1005 425 1078 490 ἐπι-

113 527 238 611 φανῶν
257 529 417 610 Θηβαίων
433 513 495 610 ήν,
525 521 789 610 Διονυσόδωρον
806 522 845 590 δέ
865 524 920 591 ἐπὶ
938 524 979 611 τή
999 533 1078 610 νίκή

112 627 184 693 τῶν
204 622 412 711 Ὀλυμπίων.
450 622 641 712 Ἰφικράτην
665 621 704 692 δὲ
728 630 826 713 φιλίᾳ
849 649 885 692 τε
901 626 960 709 τής
975 621 1080 710 Ἀθη-

88 732 224 794 εναίων
261 725 391 804 πόλεως
425 726 483 793 καὶ
512 725 626 813 μνήμη
640 727 698 811 τῆς
730 725 828 812 δόξης
858 728 921 792 τοῦ
952 724 1080 813 πατρὸς
1118 803 1121 810 ¹

112 825 225 909 ζῶντά
247 852 283 894 τε
306 823 385 913 ἄμφ’
414 823 522 894 αότὸν
547 831 633 911 ἔχων
659 829 692 906 ές
709 825 750 892 τά
780 824 923 912 μάλιστα
947 827 1080 914 ἐτίμησε

113 929 172 995 καὶ
202 926 294 1017 νόσῳ
322 925 583 1012 τελευτήσαντος
611 925 653 993 τὰ
682 924 764 995 ὀστᾶ
796 929 829 1005 ἐς
852 926 914 1005 τοὶς
933 924 1080 1013 Ἀθήνας

114 1043 188 1108 τοῖς
207 1027 292 1116 πρὸς
309 1029 432 1114 γένους
449 1025 655 1114 ἀπέπεμψεν.
697 1025 882 1097 Ιίόθυκλέα
900 1028 950 1113 δέ,
968 1037 1079 1098 Λακε-
1097 1045 1114 1095 σ

114 1127 294 1216 δαιμόνιόν
323 1153 359 1196 τε
387 1125 489 1215 ὅντα,
521 1119 649 1207 πόλεως
673 1132 868 1216 περιφανῶς
892 1131 1017 1217 ἐχθρῶς
1042 1131 1080 1198 ἐν

76 1233 163 1322 ιοτῷ
193 1229 287 1316 τότε,
325 1231 384 1296 καλ
414 1227 522 1297 αὐτὸν
551 1227 655 1297 οὐδέν
686 1233 758 1318 ἰδίᾳ
782 1228 1023 1317 εὑρισκόμενον
1048 1233 1081 1309 ές

113 1331 322 1418 ξυγγνώμην
339 1327 359 1396 ό
375 1353 407 1397 τι
423 1331 480 1398 καλ
499 1328 604 1416 λόγου
622 1327 735 1416 άξιον,
761 1329 802 1397 τά
827 1329 889 1417 μὲν
908 1317 1024 1418 πρῶτα
1044 1333 1081 1400 έν

114 1436 255 1519 φυλακή
287 1429 423 1522 άθέσμμ
453 1428 550 1517 εἶχεν.
613 1427 758 1520 ὕστερον
786 1429 824 1500 δέ
850 1432 922 1500 ἐπεὶ
953 1431 1081 1518 μεγάλα

115 1531 264 1618 εότάχε,
283 1533 341 1599 καλ
357 1533 482 1600 τοῦτον
499 1531 637 1619 άφῆκεν.

191 1631 246 1702 Ἐκ
270 1631 444 1720 Μαράθου
468 1631 507 1700 (λέ
530 1631 691 1722 ὁρμηθεὶς
708 1630 846 1719 Βόβλον
867 1659 903 1701 τε
920 1632 1083 1721 λαμβάνει
1100 1650 1117 1699 6

79 1759 103 1799 ιε
116 1733 285 1825 ὁμολογίᾳ
306 1735 518 1820 ἐνδοθεῖσαν,
537 1735 595 1802 καλ
614 1734 752 1802 Σιδῶνα
769 1730 885 1801 αὐτῶν
904 1739 1084 1802 Σιδωνίων

117 1835 412 1922 ἐπικαλεσαμένων
450 1828 545 1902 κατολΙ
574 1833 613 1902 τό
654 1839 754 1926 ἔχθος
767 1833 805 1900 τό
842 1837 985 1923 Περσῶν
1025 1836 1083 1902 καὶ

117 1942 281 2023 Δαρείου.
332 1936 493 2004 ἐντεῦθεν
516 1933 555 2004 δέ
579 1932 770 2022 προόχοόρει
794 1931 840 2012 ῶς
868 1935 923 2002 ἐπὶ
954 1933 1082 2022 Ῥόρον·

116 2038 176 2105 καὶ
209 2035 477 2122 ἐντυγχάνουσιν
506 2033 600 2125 αὐτῷ
625 2035 709 2103 κατά
731 2033 796 2120 τήν
822 2032 906 2104 όάόν
929 2035 1083 2124 πρέσβεις

125 2145 264 2227 Τυρίων
287 2135 354 2205 άπὸ
379 2139 440 2205 τοῦ
465 2137 581 2205 κοινοῦ
608 2137 802 2224 ἐσταλμένοι
820 2134 866 2216 ῶς
886 2136 1084 2222 ἐγνωκότων

82 2263 107 2304 το
126 2245 265 2327 Τυρίων
293 2238 455 2327 πράσσειν
479 2235 498 2306 ὅ
523 2263 555 2306 τι
578 2233 621 2304 ἂν
645 2238 834 2326 ἐπαγγέλλῃ
853 2235 1082 2327 Ἀλέξανδρος.

119 2339 138 2408 ό
157 2339 198 2409 δέ
214 2338 277 2426 τήν
293 2365 329 2408 τε
347 2339 445 2407 πόλιν
464 2339 641 2417 ἐπαινέσας
658 2340 715 2406 καὶ
732 2337 813 2418 τούς
832 2340 985 2427 πρέσβεις
1010 2339 1082 2428 (καὶ
1100 2355 1117 2405 7

119 2444 185 2530 γὰρ
210 2431 298 2526 ἦσαν
321 2443 391 2508 τῶν
417 2443 592 2527 ἐπιφανῶν
617 2441 654 2508 ἐν
679 2439 781 2530 Ῥόρφ
806 2444 841 2510 οἵ
861 2465 897 2507 τε
914 2437 1010 2508 ἄλλοι
1026 2431 1095 2508 καὶΙ

108 2541 138 2610 ’ό
157 2543 219 2610 τοῦ
239 2543 401 2629 βασιλέως
418 2544 487 2609 τῶν
507 2547 642 2628 Τυρίων
657 2554 750 2634 παῖς,
772 2539 876 2619 αότός
894 2539 932 2609 δέ
950 2538 968 2608 ὁ
986 2547 1084 2628 βασι-

121 2642 202 2722 λεῦς
217 2641 401 2730 Ἀζέμιλκος
415 2641 479 2729 μετ’
492 2639 768 2730 Αὐτοφραδάτου
785 2639 890 2728 ἔπλει)
910 2643 1085 2710 ἐκέλευσεν

83 2767 109 2810 ιο
124 2743 374 2822 ἐπανελθόντας
399 2742 526 2830 φράσαι
548 2749 683 2829 Τυρίοις
708 2739 758 2809 ὅτι
777 2742 884 2810 ἐθέλει
903 2743 1085 2831 παρελθών

19 2909 21 2914 .
122 2847 157 2925 ἐς
174 2844 237 2932 τήν
255 2843 355 2912 πόλιν
371 2848 479 2912 θῦσαι
494 2845 541 2934 τῷ
558 2842 723 2931 Ἡρακλεῖ,

186 2943 282 3016 Ἔστι
303 2944 369 3032 γάρ
401 2947 439 3012 ἐν
468 2944 568 3036 Ῥόρφ
597 2943 689 3030 ἱερὸν
708 2940 913 3030 Ἡρακλέους
941 2942 1130 3019 παλαιά-16

120 3071 223 3114 τατον
255 3037 303 3113 ῶν
333 3045 445 3133 μνήμη
477 3044 678 3134 ἀνθρωπίνη
711 3043 918 3130 ιλιασάζεται,
950 3041 991 3111 οό
1023 3047 1083 3113 τοῦ

118 3144 274 3234 Ἀργείου
301 3146 506 3236 Ἡρακλέους
533 3148 595 3214 τοῦ
623 3150 681 3232 τής
703 3143 904 3232 Ἀλκμήνης·
945 3152 1086 3226 πολλαῖς

87 3271 111 3313 ιο
123 3248 189 3334 γάρ
212 3262 344 3334 γενεαῖς
369 3247 533 3337 πρότερον
549 3249 681 3334 τιμᾶται
699 3249 737 3316 ἐν
761 3246 861 3337 Ῥάρμ
877 3245 1042 3334 Ἡρακλῆς
1065 3243 1087 3334 ή

124 3348 265 3438 Κάδμον
296 3351 332 3417 ἐκ
359 3345 518 3436 Φοινίκης
549 3345 741 3436 ὁρμηθέντα
766 3348 879 3435 Θήβας
906 3362 1088 3433 κατασχεῖν

123 3451 179 3518 καὶ
197 3449 260 3536 τήν
278 3454 384 3519 παῖδα
402 3449 532 3540 Κάδμῳ
549 3448 612 3535 τήν
628 3449 780 3536 Σεμέλην
798 3446 975 3535 γενέσθαι,
996 3448 1029 3526 ἐξ
1047 3438 1087 3532 ής

173 3567 195 3608 Δ
196 3577 304 3610 nnnnnnn
922 3561 938 3609 6
