2632 3922
233 110 297 174 212
590 107 841 172 ιΛεΞιειιεοε
1256 179 1261 188 1

233 270 345 350 δείξας
372 269 548 356 σατράπην
574 273 643 337 τῶν
669 269 778 358 ταότη
803 263 921 338 Ἰνδῶν
941 277 1111 340 Φίλιππον
1138 272 1207 340 τόν
1275 261 1276 270 ³

234 371 382 456 Μαχάτα
400 369 557 458 φρουράν
574 396 610 438 τε
627 367 799 438 άπολείπει
813 372 850 438 ἐν
873 373 1024 452 Ταξίλοις
1041 372 1099 439 καὶ
1115 371 1206 450 τούς

234 468 431 558 ἀπομάχους
457 473 526 540 τῶν
552 473 766 558 στρατιωτῶν
792 470 847 539 διδι
871 469 992 539 νόσον·
1032 470 1137 551 αὐτὸς
1164 473 1206 541 δὲ

234 561 316 658 ήγεν
334 571 380 650 ῶς
399 573 454 640 έπδ
472 571 533 640 τὸν
546 569 716 660 Ὑδάσπην
741 571 901 660 ποταμόν.

203 686 219 733 4
310 669 382 742 Ἐπ’
417 676 530 741 ἐκεῖνα
562 673 629 760 γάρ
661 676 723 741 τοῦ
753 671 920 742 Ὑδάσπου
947 677 1070 761 Πῶρος
1103 672 1204 764 αὐτῷ
1216 701 1229 742 ⁵

235 770 322 841 εἶναι
349 773 562 860 ἐξηγγέλλετο
588 773 652 854 ξδν
678 776 720 862 πή
748 775 887 863 στρατιή
905 772 1015 862 πάση,
1042 773 1205 859 ἐγνωκῶς

235 883 360 958 εἴργειν
391 879 454 942 τοῶ
487 873 596 961 πόρον
624 871 733 942 αάιόν
759 869 780 961 ή
806 876 949 960 περῶντι
976 878 1203 944 ἐπιτίθεσθαι.

233 977 342 1042 ταῦτα
360 973 406 1053 ῶς
425 981 513 1060 ἔγνω
527 972 758 1064 Ἀλέξανδρος,
785 982 913 1044 Κοίνου
930 973 993 1061 μὲν
1009 974 1070 1044 τόν
1088 983 1204 1045 Πολε-

233 1075 424 1161 μοκράτους
450 1077 584 1163 πέμψας
610 1072 720 1144 ὀπίσω
748 1076 803 1144 ἐπὶ
828 1073 889 1144 τόν
912 1072 1021 1144 Ἰνδὸν
1047 1074 1205 1162 ποταμόν

233 1175 276 1242 τά
304 1183 406 1243 πλοῖα
433 1173 496 1242 ὄσα
522 1175 774 1264 παρεσκεύαστο
800 1174 895 1264 αὐτῷ
923 1176 977 1242 ἐπὶ
1003 1180 1063 1244 τοῦ
1089 1176 1203 1263 πόρου
1217 1201 1241 1239 ιο
1281 1226 1282 1260 ,

234 1282 297 1344 τοῦ
321 1274 434 1344 Ἰνδοά
460 1275 668 1362 ξυντεμόντα
693 1274 822 1343 κελεύει
848 1276 964 1361 φέρειν
991 1273 1036 1354 ῶς
1064 1276 1120 1344 ἐπὶ
1137 1276 1204 1344 τὸν

202 1376 402 1464 ὃὙδάσπην
435 1377 596 1462 ποταμόν.
648 1378 705 1444 καλ
738 1375 930 1462 ξυνετμήθη
962 1403 998 1444 τε
1028 1375 1069 1443 τά
1096 1385 1205 1445 πλοῖα
1282 1409 1283 1498 ρ

236 1480 294 1546 καὶ
313 1480 476 1563 ἐκομίσθη
490 1475 596 1566 αὐτῷ,
614 1475 678 1545 ὄσα
692 1475 756 1564 μὲν
768 1477 959 1564 βραχύτερα
972 1481 1046 1562 διχή
1058 1481 1205 1564 διατμη-

236 1580 361 1662 θέντα,
395 1581 434 1644 αί
455 1577 686 1666 τριακόντοροι
712 1577 751 1645 δὲ
776 1581 870 1664 τριχή
898 1577 1107 1664 ἐτμήθησαν,
1140 1580 1203 1646 καὶ

236 1673 278 1744 τά
310 1676 463 1764 τμήματα
497 1678 551 1746 ἐπὶ
576 1680 703 1765 ζευγῶν
730 1683 925 1764 διεκομίσθη
954 1684 1027 1746 ἔστε
1055 1678 1109 1747 ἐπὶ
1135 1677 1202 1764 τήν
1217 1705 1243 1745 15

147 1811 151 1820 ⁴
236 1775 344 1866 ὄχθην
365 1784 428 1846 τοῦ
439 1776 624 1848 Ὑδάσπου·
651 1777 751 1847 κάκεῑ
772 1777 967 1865 ξυμπηχθὲν
983 1778 1021 1846 τὸ
1035 1777 1202 1846 ναυτικόν

236 1871 339 1958 αὖθις
365 1878 407 1966 δή
434 1877 522 1965 ὁμοῶ
549 1875 650 1968 ῶφθη
687 1882 723 1948 ἐν
748 1882 795 1970 τῶ
820 1877 976 1967 Ὑδάσπῃ.
1030 1870 1132 1958 αάτός
1159 1879 1201 1948 δὲ

237 1978 421 2063 άναλαβῶν
447 1979 490 2065 ήν
515 2006 552 2048 τε
569 1977 717 2066 δυ’ναμιν
742 1986 828 2066 έχων
845 1969 925 2064 ήκεν
944 1984 978 2059 ές
1002 1979 1124 2057 Τάξιλα
1141 1981 1200 2048 καὶ

237 2087 527 2164 πεντακισχιλίους
553 2084 623 2147 τῶν
638 2079 755 2148 Ἰνδῶν
779 2077 839 2159 οὓς
862 2082 1002 2168 Ταξίλης
1028 2106 1064 2170 τε
1090 2081 1204 2150 καλοί

235 2181 344 2268 ταότη
383 2177 529 2267 ὕπαρχοι
562 2171 646 2266 ήγον
680 2176 733 2268 ήει
767 2177 813 2259 ῶς
848 2179 904 2247 ἐπὶ
937 2181 998 2248 τὸν
1028 2177 1238 2268 Ὑδάσπηνεο

237 2306 399 2368 ποταμον.

200 2389 222 2452 9
314 2382 384 2450 Καὶ
407 2377 627 2468 Ἀλέξανδρός
644 2406 679 2449 τε
697 2383 1067 2468 κατεστρατοπέδευσεν
1084 2383 1140 2449 ἐπὶ
1157 2385 1200 2470 τῇ

235 2479 325 2570 ὄχθη
343 2483 405 2549 τοῦ
421 2480 602 2567 Ὑδάσπου,
620 2483 677 2551 καὶ
701 2485 823 2569 Πῶρος
840 2483 923 2550 κατὰ
942 2481 1003 2569 τήν
1021 2480 1201 2566 ἀντιπέρας

230 2580 346 2670 ὄχθην
373 2579 479 2667 ῶφθη,
500 2581 564 2662 ξῦν
589 2581 683 2670 πάσχχ
707 2587 749 2670 πή
777 2587 913 2671 στρατιᾷ
940 2584 997 2652 καὶ
1030 2587 1099 2650 τῶν
1127 2587 1200 2651 έλε-

236 2683 377 2771 φάντων
402 2685 450 2773 τῷ
479 2689 598 2770 στίφει.
641 2682 749 2770 ταύτῃ
772 2683 834 2770 μὲν
860 2685 902 2769 δή
929 2673 951 2770 ή
978 2704 1197 2768 κατεστρατο·
1213 2711 1237 2752 ιε

236 2782 424 2853 πεδευκότα
443 2781 534 2852 εἶδεν
545 2781 765 2872 Ἀλέξανδρον
783 2782 885 2863 αὐτὸς
905 2787 1017 2870 μένων
1036 2783 1202 2870 ε’φάλαττε

235 2884 297 2953 τὸν
325 2884 447 2971 πόρον·
475 2882 538 2951 ὅσα
564 2883 603 2952 δὲ
620 2881 706 2951 ἄλλα
723 2885 784 2952 τοῦ
803 2887 955 2970 ποταμοῦ
975 2881 1200 2974 εὐπορώτερα,

239 2986 293 3054 ἐπὶ
310 2987 417 3054 ταῦτα
435 2982 590 3072 φρουράς
608 2985 797 3070 διαπέμψας
811 2987 868 3053 καὶ
885 2982 1050 3072 ἡγεμόνας
1066 2985 1201 3070 ἐπιστή-

236 3105 298 3164 σας
318 3085 468 3162 ἑκάστοις
487 3093 611 3170 εἴργειν
630 3084 760 3154 ἐπενόει
779 3091 841 3153 τοῦ
865 3086 972 3172 πόρου
987 3083 1067 3164 τούς
1082 3095 1200 3154 Μακε-

207 3185 355 3264 εδόνας.
399 3188 508 3252 ταῦτα
534 3184 573 3266 δὲ
599 3183 721 3272 ὁρῶντι
744 3184 951 3276 Ἀλεξάνδρῳ
983 3187 1117 3272 κινητέα
1144 3189 1240 3256 καδιο

236 3282 330 3376 αὐτῷ
366 3282 473 3353 έδόκει
505 3283 525 3370 ή
552 3285 689 3371 στρατιά
717 3289 884 3373 πολλαχῆ,
918 3285 964 3364 ῶς
988 3288 1049 3354 τὸν
1077 3289 1201 3371 Πῶρον

237 3385 430 3474 ἀμφίβολον
465 3393 653 3472 γίγνεσθαι.
715 3387 836 3454 διελῶν
869 3385 906 3454 δὲ·
940 3389 973 3464 ές
1005 3385 1113 3456 πολλά
1140 3387 1202 3455 τόν
