2632 3922
211 135 276 201 208
571 133 824 194 ΔΛΕΞΑΝΔΡΟΤ

219 293 357 380 Ταύρου
389 296 449 380 τῆς
473 289 590 374 ’Λσίας
620 309 736 383 μοῖραι
766 300 953 381 γίγνονται,
984 285 1007 380 ἦ
1046 292 1112 380 μεν
1148 288 1192 374 ές

214 401 427 482 μεσημβρίαν
452 421 488 463 τε
513 396 571 463 καὶ
597 395 682 482 πρὸς
707 393 810 462 νότον
835 391 960 481 ἀνεμον
985 391 1058 481 [τοῦ
1086 391 1191 462 Ταύ-

216 492 293 585 ρου]
320 497 513 583 κεκλιμένη,
548 495 570 580 ἡ
603 495 642 564 δέ
675 493 727 563 ἐπ’
756 492 880 583 ἄρκτον
905 495 1024 562 τεκαὶ
1053 492 1191 580 ἀνεμον

180 601 355 685 νβορράν.
407 598 466 681 τῆς
493 595 531 664 δὲ
558 592 603 674 ῶς
630 596 686 664 ἐπὶ
711 594 812 663 νότον
833 593 947 674 Ἀσίας
972 597 1116 683 τετραχῇ
1135 585 1189 662 αῦ

216 696 422 784 τεμνομένης
448 703 609 784 μεγίστην
640 695 704 784 μὲν
730 709 854 785 μοῖραν
884 693 947 782 τὴν
969 693 1089 764 Ἰνδῶν
1115 698 1219 782 γῆνε

216 811 308 866 ποιεί
328 796 569 883 Ἐρατοσθένης
594 797 713 865 τεκαὶ
738 797 982 884 Μεγασθένης,
1009 792 1047 875 ἀς
1073 796 1190 882 ξυνῆν

214 899 285 986 μὴν
298 904 472 988 Σιβυρτίῳ
488 899 535 988 τῶ
549 897 702 987 σατράπη
716 901 775 984 τῆς
784 897 1001 986 Ἀραχωσίας,
1022 896 1190 975 πολλάκις

217 997 258 1068 δὲ
283 999 371 1083 λέγει
396 997 577 1086 ἀφικέσθαι
604 998 695 1085 παρά
715 997 958 1084 Σανδρόκοτον
982 996 1043 1066 τὸν
1063 995 1192 1066 Ἰνδῶν

218 1099 373 1186 βασιλέα·
415 1100 592 1186 ἐλαχίστην
616 1098 654 1168 δὲ
680 1097 764 1184 ὅσην
790 1097 1008 1186 ὁΕύφράτης
1034 1097 1190 1185 ποταμὸς

217 1196 373 1287 ἀπείργει
391 1195 437 1279 ῶς
451 1199 536 1288 πρὸς
553 1201 614 1286 τὴν
632 1199 729 1279 ἐντός
741 1199 803 1288 τὴν
815 1197 982 1287 ἡμετέραν
992 1198 1187 1268 θάλασσαν.
1202 1231 1231 1271 ιο

220 1299 286 1368 δύο
312 1299 352 1368 δὲ
377 1305 417 1368 αί
439 1300 563 1388 μεταξύ
583 1300 771 1389 Εὐφράτου
796 1327 833 1369 τε
858 1302 1011 1388 ποταμοῦ
1037 1301 1095 1368 καὶ
1121 1302 1188 1368 τοῦ

216 1398 329 1470 Ἰνδοῦ
357 1399 596 1490 ἀπειργόμεναι
620 1407 660 1469 αί
674 1402 738 1470 δύο
755 1404 968 1482 ξυντεθεῖσαι
983 1399 1079 1488 μόλις
1095 1398 1190 1480 ἀξιαι
1296 1421 1297 1470 ι

184 1525 203 1574 3
220 1505 261 1590 τῇ
277 1499 395 1568 Ἰνδῶν
412 1505 457 1589 γῇ
472 1502 665 1589 ξυμβαλεῖν.
697 1497 918 1590 ἀπείργεσθαι
934 1500 972 1570 δὲ
988 1501 1051 1588 τὴν
1065 1498 1189 1570 Ἰνδῶν

220 1600 334 1688 χῶραν
360 1599 445 1690 πρός
469 1601 533 1688 μέν
560 1605 604 1672 ἔω
627 1604 739 1670 τεκαὶ
756 1602 948 1690 ἀπηλιῶτην
965 1599 1189 1689 ἀνεμονέστε

222 1703 280 1769 ἐπὶ
292 1708 503 1790 μεσημβρίαν
517 1704 556 1790 τῇ
571 1703 701 1792 μεγάλη
715 1704 886 1792 θαλάσση·
904 1703 942 1771 τό
957 1702 1041 1791 πρὸς
1053 1705 1187 1790 βορρᾶν
1202 1733 1229 1774 ιε

220 1801 260 1870 δὲ
293 1796 400 1888 αύτῇς
433 1801 605 1890 ἀπείργειν
637 1805 699 1872 τὸν
726 1803 912 1873 Καύκασον
938 1801 976 1871 τό
1004 1801 1082 1891 ὄρος
1109 1808 1188 1872 ἔστε

221 1904 279 1974 ἐπὶ
304 1907 366 1972 τοῦ
398 1903 535 1994 Ταύρου
560 1903 623 1992 τὴν
649 1904 834 1993 ξυμβολήν·
873 1905 935 1992 τὴν
961 1903 1000 1972 δὲ
1026 1903 1072 1982 ῶς
1099 1903 1187 1992 πρός

222 2005 368 2090 ἑσπέραν
413 2029 450 2072 τε
469 2041 473 2060 ι
492 2006 548 2072 καί
584 2005 711 2093 ἀνεμον
740 2003 881 2090 Ἰάπυγα
918 2011 992 2074 ἔστε
1029 2005 1085 2073 ἐπὶ
1122 2003 1186 2089 την

220 2104 371 2192 μεγάλην
396 2104 575 2173 θάλασσαν
601 2105 620 2173 ὁ
644 2105 751 2186 Ἰνδός
781 2105 929 2192 ποταμός
954 2103 1184 2192 ἀποτέμνεται.

222 2205 280 2272 καί
308 2209 377 2272 ἔστι
408 2207 529 2274 πεδίον
563 2204 585 2292 ἡ
620 2201 726 2292 πολλὴ
753 2205 872 2292 αὐτῆς,
903 2207 960 2274 καὶ
991 2209 1105 2291 τοῦτο,
1138 2204 1224 2285 ῶςεο

222 2303 423 2391 είκάζουσιν,
477 2307 515 2374 ἐκ
558 2311 628 2375 τῶν
675 2311 834 2394 ποταμῶν
875 2307 1183 2394 προσκεχωσμένον.

186 2403 310 2476 4εἶναι
335 2405 400 2493 γάρ
427 2403 494 2474 ούν
519 2408 577 2474 καὶ
602 2410 661 2494 τῆς
687 2406 790 2496 ἀλλης
816 2405 927 2496 χῶρας
945 2405 1007 2475 ῦσα
1025 2409 1126 2486 πεδία
1143 2405 1183 2475 οά

223 2505 339 2593 πρόσω
358 2505 532 2596 θαλάσσης
554 2507 595 2576 τό
613 2509 721 2576 πολλὰ
738 2510 807 2576 τῶν
826 2513 985 2596 ποταμῶν
1003 2502 1086 2596 παρ’
1107 2507 1182 2576 ἑκά-

224 2625 314 2685 στοις
332 2606 509 2694 ποιήματα,
529 2606 613 2678 ῶστε
629 2611 686 2677 καὶ
704 2613 762 2696 τῆς
779 2609 892 2697 χῶρας
908 2607 972 2694 τὴν
987 2611 1183 2695 ἐπωνυμίαν

222 2722 295 2788 τοῖς
327 2724 491 2796 ποταμοῖς
523 2713 560 2778 ἐκ
591 2713 735 2780 παλαιοῦ
769 2719 1004 2798 προσκεῖσθαι,
1030 2708 1182 2798 καθάπερ
1195 2741 1221 2784 25

212 2808 342 2898 Ἕρμου
369 2811 406 2879 τέ
428 2837 459 2878 τι
485 2815 604 2880 πεδίον
630 2813 800 2899 λέγεσθαι,
827 2808 864 2891 ὃς
890 2811 975 2879 κατά
992 2811 1054 2898 τὴν
1068 2807 1183 2880 Ἀσίαν

223 2913 289 2999 yffi
316 2907 466 2996 ἀνίσχων
494 2911 527 2991 ἐξ
552 2911 654 2999 ὅρους
681 2912 821 3000 Μητρός
849 2911 1068 2998 Δινδυμήνης
1094 2910 1183 2997 παρά

225 3012 325 3080 πόλιν
344 3008 511 3100 Σμύρναν
530 3013 693 3099 Αἰολικὴν
712 3015 841 3081 έκδιδοί
858 3015 892 3092 ές
908 3011 1101 3080 θάλασσαν·
1128 3013 1183 3080 καὶ
1292 3065 1293 3090 ;

223 3111 307 3181 ἀλλο
321 3108 504 3198 Καΰστρου
521 3117 641 3181 πεδίου
653 3112 784 3183 Λύδιον
798 3107 865 3180 ἀπό
881 3117 1015 3183 Λυδίου
1034 3115 1181 3201 ποταμοῦ
1292 3107 1293 3126 ’

223 3215 281 3283 καὶ
317 3215 449 3280 Καΐκου
485 3211 569 3281 ἀλλο
605 3215 642 3281 έν
677 3220 799 3303 Μυσίᾳ
832 3215 890 3281 καὶ
918 3213 1120 3303 Μαιάνδρου
1146 3211 1217 3284 τδεο

224 3309 375 3402 Καρικόν
401 3317 474 3382 ἔστε
500 3313 554 3382 έπὶ
573 3321 730 3402 Μίλητον
753 3316 853 3382 πόλιν
873 3311 1033 3400 Ἰωνικήν.
1074 3325 1181 3400 Λίγυ-

190 3414 311 3484 επτόν
337 3435 372 3477 τε
384 3410 565 3504 Ἡρόδοτός
590 3440 626 3482 τε
650 3417 708 3482 καὶ
723 3413 894 3493 Ἑκαταῖος
921 3419 959 3482 οί
973 3415 1143 3499 λογοποιοί
1162 3408 1182 3499 ἢ
