2572 3920
207 173 250 239 32
535 209 539 218 .
563 165 815 230 ΑιεΞιαΔΡου

207 315 396 405 ληψόμενον
409 318 635 403 Παρμενίωνα
649 312 821 400 ἐκπέμπει·
839 313 896 380 καὶ
910 313 1174 403 παραλαμβάνει

210 416 404 491 Δασκύλιον
422 421 627 504 Παρμενίων
646 413 850 482 ἐκλιπόντων
867 419 935 483 τῶν
953 421 1127 504 φρουρῶν.

174 532 192 580 3
286 514 399 596 Αύτδς
418 517 456 585 δὲ
475 517 529 585 ἐπὶ
545 514 707 602 Σάρδεων
720 511 926 603 προύχῶρει·
946 517 1003 584 καὶ
1021 512 1172 603 άπίχον-

208 647 263 700 τος
278 616 384 688 αύτοῶ
398 617 480 686 ὅσον
494 615 720 704 ἐβδομήκοντα
734 619 891 695 σταδίους
907 615 1070 702 Σάρδεων
1087 607 1172 704 ῆκου

210 716 291 808 παρ’
311 713 417 788 αύτδν
434 727 607 804 Μιθρίνης
625 743 660 785 τε
678 710 695 786 δ
712 715 924 806 φρούραρχος
941 722 1001 804 τῆς
1019 714 1199 806 άκροπό-ι

210 829 293 900 λεως
309 825 368 906 τῆς
383 821 419 887 ἐν
434 817 583 905 Σάρδεσι
596 818 653 885 καὶ
667 823 871 907 Σαρδιανῶν
885 821 920 886 οί
931 817 1171 905 δυνατῶτατοι,

212 919 397 1000 ἐνδιδόντες
422 924 456 986 ολ
477 919 539 1008 μὲν
565 916 627 1005 τῆν
653 917 768 1004 πόλιν,
799 916 817 986 δ
845 917 883 987 δέ
912 925 1083 1006 Μιθρίνης
1108 918 1173 1006 τῆν

173 1020 318 1109 4άκραν
342 1021 397 1088 καὶ
421 1015 462 1088 τά
489 1019 647 1107 χρήματα.
680 1016 894 1108 Ἀλέξανδρος
920 1018 959 1087 δὲ
983 1016 1082 1099 αύτδς
1107 1019 1173 1108 μὲν

209 1111 575 1210 κατάρατοπέδευσεν
599 1120 654 1188 ε’πὶ
676 1126 725 1212 τῷ
739 1120 851 1212 Ἕρμῳ
869 1125 1022 1212 ποταμῷ·
1055 1118 1172 1208 άπέχει

81 1265 86 1274 ·
211 1223 248 1292 δὲ
275 1221 432 1310 ὁἝρμος
457 1219 522 1290 άπδ
550 1220 713 1310 Σάρδεων
737 1225 894 1301 σταδίους
918 1215 999 1290 ὅσον
1025 1231 1168 1290 είκοσιυ·
1185 1247 1211 1288 ιο

206 1321 374 1411 Ἀμύνταν
392 1321 430 1391 δέ
453 1320 513 1391 τόν
533 1319 775 1409 Ἀνδρομένους
798 1319 861 1408 τῆν
884 1319 992 1410 άκραν
1016 1330 1170 1412 παραλη-

211 1424 361 1512 ψόμενον
379 1423 535 1511 ἐκπέμπει
554 1424 587 1502 ἐς
603 1422 764 1510 Σάρδεις·
783 1423 839 1490 καὶ
857 1429 1035 1512 Μιθρίνην
1051 1423 1114 1511 μὲν
1133 1426 1171 1504 ἐν

210 1530 289 1613 τιμῆ
313 1522 380 1611 ἅμα
404 1518 438 1592 ολ
459 1515 537 1610 ῆγε,
561 1521 775 1610 Σαρδιαυούς
797 1522 836 1592 δέ
858 1523 915 1591 καὶ
936 1521 1018 1604 ’τούς
1045 1522 1170 1604 ἄλλους

212 1623 350 1704 Λυδούς
375 1637 445 1703 τοῖς
467 1623 581 1712 νόμοις
603 1650 639 1692 τε
660 1637 730 1706 τοῖς
754 1622 856 1692 πάλαι
873 1628 1001 1694 Λυδῶν
1025 1615 1172 1713 χρῆσθαι

174 1736 194 1783 ⁵
212 1732 314 1795 ἔδωκε
332 1725 388 1816 καὶ
407 1725 609 1813 ἐλευθέρους
627 1721 713 1793 εἶναι
737 1721 876 1811 άφῆκεν.
912 1722 1040 1812 άνῆλθε
1057 1725 1096 1794 δὲ
1113 1726 1169 1794 καὶ
1184 1751 1209 1792 ιε

211 1824 315 1907 αύτός
333 1831 381 1906 είς
397 1823 460 1912 τῆν
477 1823 596 1914 ἄκραν,
615 1829 673 1893 ἵνα
689 1823 728 1900 τδ
749 1824 914 1914 φρούριον
931 1818 974 1913 ῆν
991 1831 1060 1895 τῶν
1076 1835 1170 1914 Περ-

211 1933 297 1998 σῶν·
333 1927 389 1994 καὶ
415 1927 530 2008 ἔδοξεν
554 1923 647 2019 αύτῷ
673 1923 799 2015 ὀχυρόν
816 1924 854 1995 τό
871 1934 1013 2015 χωρίον·
1038 1925 1170 2016 ύπερύ·

212 2027 322 2114 ψηλόν
345 2053 382 2096 τε
404 2025 470 2116 γάρ
493 2018 539 2113 ῆν
562 2027 619 2096 καί
645 2021 815 2115 άπότομον
838 2027 946 2115 πάντη
969 2027 1026 2096 καὶ
1043 2033 1169 2121 τριπλῷ

210 2135 309 2215 τείχει
327 2129 577 2216 πεφραγμένον·
603 2125 706 2206 αύτδς
730 2127 769 2196 δὲ
794 2127 850 2196 ἐπὶ
866 2133 910 2216 τῆ
928 2127 1117 2219 άκρηιναόν
1134 2155 1170 2198 τε

211 2232 431 2316 οἰκοδομῆσαι
467 2225 550 2307 Διός
583 2223 768 2314 Ὀλυμπίου
807 2228 935 2298 ἐπενόει
968 2230 1024 2297 καὶ
1054 2226 1170 2317 βωμόν
1184 2255 1210 2298 ιο
1252 2221 1261 2238 ’

175 2327 426 2416 ὓίδρύσασθαι.
463 2333 645 2396 σκοποῦντι
675 2327 714 2396 δὲ
744 2324 837 2420 αύτῷ
866 2335 925 2416 τῆς
952 2328 1060 2420 άκρας
1085 2329 1169 2418 ὅπερ

74 2513 82 2525 ι
212 2427 474 2516 ἐπιτηδειότατον
498 2434 622 2516 χωρίον
649 2427 719 2520 ῶρηι
744 2434 839 2510 ἐτους
867 2432 1022 2518 ἐξαίφνης
1048 2429 1170 2519 χειμῶν

212 2532 415 2616 ἐπιγίγνεται
429 2529 484 2597 καὶ
497 2529 637 2618 βρονταὶ
646 2530 785 2618 σκληραὶ
794 2530 851 2598 καὶ
863 2529 957 2620 ὕδωρ
973 2533 1004 2612 ἐξ
1019 2529 1170 2619 ούρανοῦ

211 2637 324 2699 πίπτει
348 2621 391 2698 ού
415 2628 454 2698 τά
479 2635 548 2698 τῶν
573 2635 700 2713 Λυδῶν
723 2637 893 2717 βασίλεια·
926 2629 983 2699 καὶ
1010 2633 1170 2700 ἐντεῦθεν

207 2730 416 2822 Ἀλεξάνδρῳ
447 2731 560 2812 ἔδοξεν
591 2733 627 2800 ἐκ
661 2735 748 2800 θεοῦ
778 2735 991 2824 σημανθῆναι
1020 2736 1077 2800 ἵνα
1106 2730 1168 2822 χρῆ
1181 2756 1206 2799 ιι

212 2837 465 2920 οἰκοδομεῖσθαι
481 2837 528 2925 τῷ
543 2832 604 2903 Διὶ
620 2831 680 2901 τδυ
693 2831 791 2919 νεῶν,
810 2833 867 2900 καὶΙ
883 2830 990 2912 οὕτως
1008 2832 1168 2902 ἐκέλευσε.

177 2943 194 2991 ‘1
212 2933 364 3001 κατέλιπε
382 2931 420 3000 δέ
436 2937 494 3019 τῆς
511 2931 574 3020 μὲν
591 2927 695 3020 ἄκρας
712 2937 771 3019 τῆς
790 2931 954 3021 Σάρδεων
972 2933 1170 3021 ἐπιμελητῆν

175 3081 178 3088 ·
213 3039 415 3104 Παυσανίαν
431 3038 501 3101 τῶν
520 3034 672 3120 ἑταίρων,
690 3037 760 3100 τῶν
777 3031 815 3100 δὲ
832 3032 951 3123 φόρων
967 3039 1027 3120 τῆς
1044 3033 1167 3103 συντά-

213 3132 293 3215 ξεῶς
322 3159 359 3202 τε
387 3133 444 3201 καὶ
476 3127 651 3220 άποφορᾶς
678 3139 820 3220 Νικίαν,
840 3131 1028 3222 ’Ἄσανδρον
1052 3134 1090 3204 δὲ
1112 3133 1170 3204 τόν

214 3232 346 3303 Φιλῶτα
376 3237 506 3312 Λυδίας
542 3232 599 3300 καί
628 3239 685 3319 τῆς
715 3228 818 3321 άλλης
847 3239 906 3322 τῆς
936 3235 1169 3324 Σπιθριδάτου
1182 3261 1207 3302 εο

214 3331 317 3422 ἀρχῆς
327 3385 337 3419 ,
355 3331 438 3412 δούς
456 3330 548 3424 αύτῷ
568 3334 687 3414 ίππέας
704 3360 740 3402 τε
757 3335 814 3402 καὶ
832 3331 952 3416 ψιλούς
971 3335 1043 3404 ὅσοι
1062 3337 1170 3405 ίκανοδ

180 3443 196 3494 8
215 3433 298 3522 πρὸς
310 3431 351 3502 τά
366 3431 516 3525 παρόντα
530 3432 681 3503 ἐδόκουν.
709 3433 827 3532 Κάλαν
836 3437 874 3503 δδ
887 3436 944 3504 καὶ
954 3432 1171 3526 Ἀλέξανδρον
