2546 3920
220 154 284 218 276
582 153 836 213 ΔΛΕΞΔΝΔΡΟΤ
852 207 856 216 ,

187 310 374 398 σκατέχειν
408 311 465 382 ἐπὶ
497 311 586 382 πολύ
612 315 672 398 τῆς
703 311 830 401 χοίρως·
869 309 1010 382 τοσόνδε
1037 308 1129 380 εἶναι
1156 310 1199 382 τό

221 414 366 500 πλῆθος·
394 409 481 482 εἶναι
506 411 544 482 δὲ
570 412 626 480 καλ
643 410 729 481 ἄλλα
747 413 872 500 δένδρα
890 413 927 480 έν
944 417 987 500 τῇ
1007 412 1139 504 ἐρήμῳ,
1158 411 1199 480 τδ

221 514 285 601 μέν
310 540 341 582 τι
367 512 484 602 δάφνη
511 512 617 592 ἐοικός
638 512 676 582 τό
698 513 843 600 φύλλον,
870 512 927 580 καλ
944 516 1046 581 τοῦτο
1066 514 1107 582 έν
1120 527 1198 592 τοῖς

221 614 521 701 προσκλυζομένοις
534 619 578 702 τῇ
590 612 747 702 θαλάσση
761 619 895 700 χωρίοις
908 614 1112 700 πεφυκέναι·
1133 615 1196 681 καλ

220 712 464 784 ἀπολείπεσθαι
484 713 547 802 μὲν
565 714 607 782 τοὶ
621 715 747 804 δένδρα
760 713 846 802 πρὸς
858 717 916 800 τῆς
933 711 1118 801 ἀμπώτεως
1136 714 1219 782 ἐπλε

220 816 339 904 ξηροῦ,
365 815 568 895 ἐπελθόντος
594 814 633 885 δλ
658 821 720 884 τοῦ
745 812 870 894 ῦδατος
897 816 934 882 ἐν
958 817 1001 902 τῇ
1027 814 1194 903 θαλάσση

220 915 395 1002 πεφυκότα
421 923 619 1003 φαίνεσθαι·
654 917 725 986 τῶν
750 914 788 984 δὲ
812 916 870 984 καλ
889 913 944 984 ἀεὶ
962 915 1021 995 τὰς
1039 917 1134 1004 ρίζοις
1149 919 1193 1004 τῇ

219 1016 378 1105 θαλάσσῃ
407 1015 653 1104 ἐπικλύζεσθαι,
678 1014 741 1086 ὅσα
761 1018 798 1084 έν
816 1021 940 1096 κοίλοις
959 1022 1095 1105 χωρίοις
1111 1019 1194 1085 ε’πε-

218 1115 333 1204 φόκει,
359 1121 527 1207 ἔνθενπερ
549 1115 613 1204 ούχ
631 1115 812 1188 ὑπενόστει
829 1115 868 1184 τό
887 1115 995 1205 ῦδωρ,
1013 1117 1072 1186 καὶ
1096 1114 1192 1204 ὅμως

216 1215 260 1286 ού
288 1221 550 1308 διαφθείρεσθαι
573 1216 613 1287 τὸ
639 1217 783 1306 δένδρον
807 1217 891 1304 πρὸς
916 1219 975 1304 τῆς
1000 1217 1191 1302 θαλάσσης.
1205 1245 1227 1284 ιι

185 1316 306 1387 ’τεῖναι
340 1318 378 1389 δὲ
411 1319 453 1388 τά
480 1319 606 1408 δένδρα
630 1318 738 1408 ταύτη
765 1318 897 1406 πήχεων
923 1318 1192 1407 καλτριάκοντα

218 1423 309 1488 έστιυ
334 1416 358 1487 ά
384 1418 514 1508 αύτῦν,
538 1432 655 1508 τυχεῖν
668 1445 704 1488 τι
722 1416 897 1488 ἀνθοῦντα
912 1419 1023 1508 ἐκείνη
1038 1424 1083 1507 τῇ
1103 1416 1191 1508 κόρᾳ,

217 1518 275 1588 καλ
295 1517 334 1588 τό
348 1517 455 1598 άνθος
476 1517 563 1590 εἶναι
580 1525 629 1612 τῷ
643 1521 753 1612 λευκῷ
773 1519 916 1607 μάλιστα
929 1529 970 1610 λφ
984 1521 1188 1607 προσφερές,

217 1616 281 1705 τὴν
307 1616 416 1708 όδμίχν
442 1609 481 1690 δὲ
507 1619 598 1690 πολύ
623 1646 655 1690 τι
673 1618 879 1710 ῦπερφόρον.
906 1621 964 1688 καλ
984 1618 1089 1688 ἄλλον
1102 1618 1189 1689 εἶναι

218 1717 349 1790 καυλόν
363 1721 400 1788 ἐκ
413 1724 476 1808 γῆς
490 1721 667 1809 πεφυκότα
680 1719 842 1809 ἀκάνθης.
860 1721 917 1790 καλ
931 1719 1042 1813 τούτῳ
1057 1723 1188 1792 ἐπεῖναι
1199 1748 1222 1788 ιι

219 1818 367 1911 ἰσχυράν
392 1821 455 1907 τὴν
481 1819 652 1912 ἄκανθαν,
679 1821 764 1892 ὥστε
788 1820 853 1911 ἤδη
873 1823 977 1891 τινῶν
989 1822 1047 1890 καὶ
1059 1834 1187 1909 παριπ-

155 1928 160 1938 ’
216 1921 394 1992 πινόντων
418 1923 644 2009 ἐμπλακεῖσαν
669 1927 713 2011 τῇ
741 1925 856 2009 ἐσθῆτι
880 1921 1094 1992 κατασπάσαι
1120 1920 1187 1992 άπὸ

216 2027 279 2092 τοῦ
298 2026 405 2092 ἵππου
423 2023 555 2110 μᾶλλόν
572 2051 604 2092 τι
620 2022 681 2093 τόν
701 2023 803 2092 ίππέα
816 2018 837 2110 ἢ
851 2021 959 2110 αὐτὴν
972 2019 1185 2110 ἀποσχισθῆ-

71 2117 73 2124 ’
184 2134 274 2190 ενοι
299 2118 367 2192 άτιό
394 2125 456 2192 τοῦ
483 2129 624 2194 καυλοῦ.
664 2123 721 2192 καλ
745 2128 816 2198 τῶν,
840 2127 954 2210 λαγῶν
980 2123 1110 2210 λέγεται
1136 2121 1186 2190 ότι

217 2219 462 2310 παραθεόντων
480 2232 610 2310 εἴχοντο
629 2226 666 2296 όν
683 2238 757 2304 ταῖς
769 2224 888 2314 ’θριξὶν
904 2227 943 2292 αί
953 2221 1112 2312 ἄκανθαι,
1128 2223 1184 2292 καὶ
1196 2254 1217 2295 ιο
1255 2299 1256 2327 χ

217 2318 267 2390 ότι
293 2318 402 2402 οῦτως
428 2319 609 2410 ἡλίσκοντο
636 2329 672 2394 οί
694 2328 801 2412 λαγοῦ,
826 2324 980 2413 καθάπερ
1005 2322 1075 2393 ῦπδ
1111 2323 1181 2404 ἰξοῦ
1254 2399 1255 2404 1

216 2426 256 2491 αἱ
284 2419 418 2509 όρννθες
450 2418 472 2510 ἢ
506 2439 578 2505 τοῖς
604 2422 795 2513 ἀγκίστροις
822 2428 857 2494 οί
883 2425 1017 2513 ἰχθύες·
1058 2423 1183 2516 σιδήρῳ

139 2537 142 2544 ’
216 2519 254 2592 δέ
286 2519 337 2591 ότι
368 2527 570 2611 διακοπῆναι
601 2523 643 2594 ού
675 2525 802 2613 χαλεπὴ
834 2516 892 2612 ἦν
931 2526 989 2596 καὶ
1020 2523 1106 2594 όπόν
1131 2521 1184 2594 ὅτι

216 2620 304 2691 ιἰνίει
322 2623 434 2694 πολύν
460 2623 479 2693 ό
506 2625 632 2706 καυλός
649 2630 708 2712 τῆς
726 2623 878 2714 ἀκάνθης
894 2625 1109 2716 τεμνομένης,
1136 2630 1182 2695 ἔτι
1252 2671 1253 2719 η

216 2728 357 2794 πλείονα
382 2719 404 2813 ἣ
430 2731 469 2796 αλ
488 2741 592 2796 συκαῖ
615 2731 678 2796 τοῦ
703 2718 785 2815 ἦρος
810 2726 868 2795 καλ
893 2726 1102 2816 δριμύτερον.
1194 2754 1216 2796 ιι

168 2833 211 2902 23
292 2823 419 2897 Ἔνθεν
445 2825 483 2897 δλ
508 2827 564 2897 διὰ
590 2831 650 2915 τῆς
676 2829 877 2917 Γαδρωσῶν·
892 2827 1005 2918 χόρος
1027 2825 1080 2916 ᾔει
1103 2826 1183 2900 όδδν
1251 2783 1252 2851 λ

216 2924 368 3014 χαλεπὴν
394 2927 452 2996 καλ
470 2925 599 3017 ἄπορον
612 2932 682 2998 τόν
700 2929 909 3018 ἐπιτηδείων,
935 2931 1004 2998 τῶν
1021 2955 1057 2998 τε
1073 2928 1181 3000 ἄλλων

215 3027 274 3096 καὶ
288 3025 385 3116 ῦδωρ
399 3030 570 3114 πολλαχοῦ
585 3031 627 3116 τῇ
642 3033 780 3120 στρατιᾷ
793 3028 856 3098 οόκ
869 3021 931 3118 ἦν·
949 3027 1035 3098 άλλδ
1047 3029 1179 3123 νύκτωρ
1214 3051 1218 3058 ·
1248 3007 1250 3111 λ

213 3121 441 3214 ἠναγκάζοπο
457 3128 520 3217 την
536 3127 665 3217 πολλὴν
685 3129 894 3218 πορεύεσθαι
911 3130 970 3199 καλ
983 3133 1179 3220 προσωτέρω
1248 3185 1249 3244 ,

214 3224 281 3295 ἀπό
306 3227 493 3315 θαλάσσης,
520 3228 607 3321 ἐπεὶἱ
619 3222 714 3321 αύτῷ
731 3255 770 3316 χε
787 3232 825 3300 έν
840 3229 977 3320 σπουδῇ
994 3222 1036 3318 ἦν
1061 3234 1176 3302 έκελ-
1191 3256 1214 3298 ω
1247 3245 1248 3250 ’

214 3335 311 3394 θεῖν
327 3323 368 3394 τά
387 3326 478 3414 παρά
495 3326 559 3416 την
575 3327 755 3398 θάλασσαν
771 3335 829 3417 τῆς
845 3329 957 3419 χάρας
975 3331 1032 3400 καὶ
1049 3333 1178 3421 λιμένος

213 3449 250 3493 τε
276 3428 364 3494 ἰδεῖν
389 3425 470 3506 τοῦς
488 3421 589 3506 ὄντας
606 3429 663 3498 καὶ
681 3425 746 3498 ὅσα
763 3455 810 3514 χε
828 3433 866 3499 όν
887 3430 1029 3524 παρόδω
1052 3433 1176 3502 δυνατά
