<?xml version="1.0" encoding="UTF-8"?>
<!DOCTYPE html PUBLIC "-//W3C//DTD XHTML 1.0 Transitional//EN"
    "http://www.w3.org/TR/xhtml1/DTD/xhtml1-transitional.dtd">
<html xmlns="http://www.w3.org/1999/xhtml" xml:lang="en" lang="en">
 <head>
  <title>
</title>
<meta http-equiv="Content-Type" content="text/html;charset=utf-8" />
  <meta name='ocr-system' content='tesseract 3.04.00' />
  <meta name='ocr-capabilities' content='ocr_page ocr_carea ocr_par ocr_line ocrx_word'/>
</head>
<body>
  <div class='ocr_page' id='page_1' title='image "./arrianianabasis01arrigoog_0060.png"; bbox 0 0 2572 3920; ppageno 0'>
   <div class='ocr_carea' id='block_1_1' title="bbox 437 131 1076 196">
    <p class='ocr_par' dir='ltr' id='par_1_1' title="bbox 437 131 1076 196">
     <span class='ocr_line' id='line_1_1' title="bbox 437 131 1076 196; baseline -0.003 -14"><span class='ocrx_word' id='word_1_1' title='bbox 437 132 624 184; x_wconf 73' lang='grc' dir='ltr'><strong>ΑΝΑΒΑΣΙΣ</strong></span> <span class='ocrx_word' id='word_1_2' title='bbox 644 136 668 196; x_wconf 85' lang='lat'><strong><em>1,</em></strong></span> <span class='ocrx_word' id='word_1_3' title='bbox 686 135 728 184; x_wconf 77' lang='grc' dir='ltr'><strong><em>νο.</em></strong></span> <span class='ocrx_word' id='word_1_4' title='bbox 1034 131 1076 196; x_wconf 84' lang='lat'><strong><em>39</em></strong></span> 
     </span>
    </p>
   </div>
   <div class='ocr_carea' id='block_1_2' title="bbox 66 267 1127 3086">
    <p class='ocr_par' dir='ltr' id='par_1_2' title="bbox 74 267 1112 1172">
     <span class='ocr_line' id='line_1_2' title="bbox 93 267 1075 365; baseline 0 -23"><span class='ocrx_word' id='word_1_5' title='bbox 93 267 371 365; x_wconf 77' lang='grc' dir='ltr'><strong><em>Ἀλικαρνασσρῖ,</em></strong></span> <span class='ocrx_word' id='word_1_6' title='bbox 390 268 526 360; x_wconf 81' lang='grc' dir='ltr'><strong><em>ἆπίχαν</em></strong></span> <span class='ocrx_word' id='word_1_7' title='bbox 544 277 603 358; x_wconf 88' lang='grc' dir='ltr'><strong><em>τῆς</em></strong></span> <span class='ocrx_word' id='word_1_8' title='bbox 620 272 749 352; x_wconf 87' lang='grc' dir='ltr'><strong><em>πόλεως</em></strong></span> <span class='ocrx_word' id='word_1_9' title='bbox 768 275 802 353; x_wconf 83' lang='grc' dir='ltr'><strong><em>ἐς</em></strong></span> <span class='ocrx_word' id='word_1_10' title='bbox 820 272 919 343; x_wconf 81' lang='grc' dir='ltr'><strong><em>πέντε</em></strong></span> <span class='ocrx_word' id='word_1_11' title='bbox 936 273 1075 362; x_wconf 86' lang='grc' dir='ltr'><strong><em>μα’λιστα</em></strong></span> 
     </span>
     <span class='ocr_line' id='line_1_3' title="bbox 100 368 1112 466; baseline 0.001 -24"><span class='ocrx_word' id='word_1_12' title='bbox 100 379 281 460; x_wconf 76' lang='grc' dir='ltr'><em>σταδίους,</em></span> <span class='ocrx_word' id='word_1_13' title='bbox 301 368 346 454; x_wconf 74' lang='grc' dir='ltr'><strong><em>ὦς</em></strong></span> <span class='ocrx_word' id='word_1_14' title='bbox 365 374 419 442; x_wconf 76' lang='grc' dir='ltr'><strong><em>ἐπὶ</em></strong></span> <span class='ocrx_word' id='word_1_15' title='bbox 438 381 563 466; x_wconf 79' lang='grc' dir='ltr'><strong><em>χρονίςο</em></strong></span> <span class='ocrx_word' id='word_1_16' title='bbox 583 380 767 464; x_wconf 77' lang='grc' dir='ltr'><strong><em>πολιορκίᾳ.</em></strong></span> <span class='ocrx_word' id='word_1_17' title='bbox 798 373 821 460; x_wconf 92' lang='grc' dir='ltr'><strong><em>ῆ</em></strong></span> <span class='ocrx_word' id='word_1_18' title='bbox 838 400 873 442; x_wconf 91' lang='grc' dir='ltr'><strong><em>τε</em></strong></span> <span class='ocrx_word' id='word_1_19' title='bbox 890 372 955 464; x_wconf 76' lang='grc' dir='ltr'><strong><em>γὰρ</em></strong></span> <span class='ocrx_word' id='word_1_20' title='bbox 973 373 1075 462; x_wconf 86' lang='grc' dir='ltr'><strong><em>φύσις</em></strong></span> <span class='ocrx_word' id='word_1_21' title='bbox 1093 396 1112 444; x_wconf 75' lang='lat'><strong>3</strong></span> 
     </span>
     <span class='ocr_line' id='line_1_4' title="bbox 100 470 1076 564; baseline 0.002 -22"><span class='ocrx_word' id='word_1_22' title='bbox 100 477 167 542; x_wconf 84' lang='grc' dir='ltr'><strong><em>τοῦ</em></strong></span> <span class='ocrx_word' id='word_1_23' title='bbox 189 481 316 564; x_wconf 83' lang='grc' dir='ltr'><strong><em>χωρίου</em></strong></span> <span class='ocrx_word' id='word_1_24' title='bbox 331 472 457 563; x_wconf 85' lang='grc' dir='ltr'><strong><em>ὀχυρόν</em></strong></span> <span class='ocrx_word' id='word_1_25' title='bbox 476 477 580 543; x_wconf 79' lang='grc' dir='ltr'><strong><em>ἐποίει</em></strong></span> <span class='ocrx_word' id='word_1_26' title='bbox 597 472 680 548; x_wconf 83' lang='grc' dir='ltr'><strong><em>αύτδ</em></strong></span> <span class='ocrx_word' id='word_1_27' title='bbox 698 476 754 542; x_wconf 83' lang='grc' dir='ltr'><strong><em>καί</em></strong></span> <span class='ocrx_word' id='word_1_28' title='bbox 772 473 838 560; x_wconf 81' lang='grc' dir='ltr'><strong><em>ὅπη</em></strong></span> <span class='ocrx_word' id='word_1_29' title='bbox 853 501 883 542; x_wconf 92' lang='grc' dir='ltr'><strong><em>τι</em></strong></span> <span class='ocrx_word' id='word_1_30' title='bbox 902 478 1013 544; x_wconf 78' lang='grc' dir='ltr'><strong><em>ἐνδεῖν</em></strong></span> <span class='ocrx_word' id='word_1_31' title='bbox 1032 470 1076 556; x_wconf 64' lang='grc' dir='ltr'><strong><em>οἷς</em></strong></span> 
     </span>
     <span class='ocr_line' id='line_1_5' title="bbox 102 571 1077 664; baseline 0.002 -21"><span class='ocrx_word' id='word_1_32' title='bbox 102 573 195 664; x_wconf 89' lang='grc' dir='ltr'><strong><em>πρδς</em></strong></span> <span class='ocrx_word' id='word_1_33' title='bbox 213 571 401 662; x_wconf 76' lang='grc' dir='ltr'><strong><em>ολσφοίλειαν</em></strong></span> <span class='ocrx_word' id='word_1_34' title='bbox 420 577 588 662; x_wconf 88' lang='grc' dir='ltr'><strong><em>ἐφαίνετο,</em></strong></span> <span class='ocrx_word' id='word_1_35' title='bbox 607 575 784 664; x_wconf 81' lang='grc' dir='ltr'><strong><em>ξύμπαντα</em></strong></span> <span class='ocrx_word' id='word_1_36' title='bbox 800 581 907 644; x_wconf 80' lang='grc' dir='ltr'><strong><em>ταῦτα</em></strong></span> <span class='ocrx_word' id='word_1_37' title='bbox 925 577 1077 664; x_wconf 81' lang='grc' dir='ltr'><strong><em>Μέμνων</em></strong></span> 
     </span>
     <span class='ocr_line' id='line_1_6' title="bbox 74 671 1076 766; baseline 0.002 -22"><span class='ocrx_word' id='word_1_38' title='bbox 74 702 142 744; x_wconf 82' lang='grc' dir='ltr'><strong><em>ετε</em></strong></span> <span class='ocrx_word' id='word_1_39' title='bbox 163 671 268 756; x_wconf 85' lang='grc' dir='ltr'><strong><em>αύτδς</em></strong></span> <span class='ocrx_word' id='word_1_40' title='bbox 286 675 425 765; x_wconf 79' lang='grc' dir='ltr'><strong><em>παρεόν,</em></strong></span> <span class='ocrx_word' id='word_1_41' title='bbox 444 675 509 762; x_wconf 84' lang='grc' dir='ltr'><strong><em>ῆδη</em></strong></span> <span class='ocrx_word' id='word_1_42' title='bbox 527 673 805 764; x_wconf 76' lang='grc' dir='ltr'><strong><em>ἀποδεδειγμένος</em></strong></span> <span class='ocrx_word' id='word_1_43' title='bbox 822 675 907 766; x_wconf 85' lang='grc' dir='ltr'><strong><em>πρὸς</em></strong></span> <span class='ocrx_word' id='word_1_44' title='bbox 925 684 1076 766; x_wconf 83' lang='grc' dir='ltr'><strong><em>Δαρείου</em></strong></span> 
     </span>
     <span class='ocr_line' id='line_1_7' title="bbox 102 775 1076 865; baseline 0.002 -21"><span class='ocrx_word' id='word_1_45' title='bbox 102 779 167 863; x_wconf 83' lang='grc' dir='ltr'><strong><em>τῆς</em></strong></span> <span class='ocrx_word' id='word_1_46' title='bbox 186 803 222 845; x_wconf 92' lang='grc' dir='ltr'><strong><em>τε</em></strong></span> <span class='ocrx_word' id='word_1_47' title='bbox 239 775 329 845; x_wconf 84' lang='grc' dir='ltr'><strong><em>κύνα</em></strong></span> <span class='ocrx_word' id='word_1_48' title='bbox 344 775 457 856; x_wconf 88' lang='grc' dir='ltr'><strong><em>Ἀσίας</em></strong></span> <span class='ocrx_word' id='word_1_49' title='bbox 471 777 528 844; x_wconf 85' lang='grc' dir='ltr'><strong><em>καὶ</em></strong></span> <span class='ocrx_word' id='word_1_50' title='bbox 541 782 603 846; x_wconf 81' lang='grc' dir='ltr'><strong><em>τού</em></strong></span> <span class='ocrx_word' id='word_1_51' title='bbox 616 783 779 845; x_wconf 76' lang='grc' dir='ltr'><strong><em>ναυτικοῦ</em></strong></span> <span class='ocrx_word' id='word_1_52' title='bbox 792 776 916 858; x_wconf 87' lang='grc' dir='ltr'><strong><em>παντός</em></strong></span> <span class='ocrx_word' id='word_1_53' title='bbox 929 775 1076 865; x_wconf 86' lang='grc' dir='ltr'><strong><em>ῆγεμιόν,</em></strong></span> 
     </span>
     <span class='ocr_line' id='line_1_8' title="bbox 105 871 1076 967; baseline 0.001 -21"><span class='ocrx_word' id='word_1_54' title='bbox 105 880 146 946; x_wconf 82' lang='grc' dir='ltr'><strong><em>ἐκ</em></strong></span> <span class='ocrx_word' id='word_1_55' title='bbox 165 882 295 946; x_wconf 86' lang='grc' dir='ltr'><strong><em>πολλού</em></strong></span> <span class='ocrx_word' id='word_1_56' title='bbox 314 871 568 966; x_wconf 78' lang='grc' dir='ltr'><strong><em>παρεσκευάκει,</em></strong></span> <span class='ocrx_word' id='word_1_57' title='bbox 590 879 646 946; x_wconf 83' lang='grc' dir='ltr'><strong><em>καὶ</em></strong></span> <span class='ocrx_word' id='word_1_58' title='bbox 665 882 860 966; x_wconf 81' lang='grc' dir='ltr'><strong><em>στρατιῶται</em></strong></span> <span class='ocrx_word' id='word_1_59' title='bbox 878 879 996 946; x_wconf 81' lang='grc' dir='ltr'><strong><em>πολλοὶ</em></strong></span> <span class='ocrx_word' id='word_1_60' title='bbox 1013 879 1076 967; x_wconf 76' lang='grc' dir='ltr'><strong><em>μὲν</em></strong></span> 
     </span>
     <span class='ocr_line' id='line_1_9' title="bbox 105 977 1077 1067; baseline 0 -21"><span class='ocrx_word' id='word_1_61' title='bbox 105 979 200 1059; x_wconf 81' lang='grc' dir='ltr'><strong><em>ξένοι</em></strong></span> <span class='ocrx_word' id='word_1_62' title='bbox 208 979 413 1066; x_wconf 75' lang='grc' dir='ltr'><strong><em>μισθοφόροι</em></strong></span> <span class='ocrx_word' id='word_1_63' title='bbox 423 981 460 1047; x_wconf 91' lang='grc' dir='ltr'><strong><em>ἐν</em></strong></span> <span class='ocrx_word' id='word_1_64' title='bbox 468 984 510 1067; x_wconf 88' lang='grc' dir='ltr'><strong><em>τῆ</em></strong></span> <span class='ocrx_word' id='word_1_65' title='bbox 521 977 613 1046; x_wconf 88' lang='grc' dir='ltr'><strong><em>πόλει</em></strong></span> <span class='ocrx_word' id='word_1_66' title='bbox 624 981 944 1066; x_wconf 77' lang='grc' dir='ltr'><strong><em>ἐγκατελείφθησαν,</em></strong></span> <span class='ocrx_word' id='word_1_67' title='bbox 959 980 1077 1047; x_wconf 79' lang='grc' dir='ltr'><strong><em>πολλοὶ</em></strong></span> 
     </span>
     <span class='ocr_line' id='line_1_10' title="bbox 106 1077 1076 1172; baseline 0.002 -26"><span class='ocrx_word' id='word_1_68' title='bbox 106 1079 147 1147; x_wconf 75' lang='grc' dir='ltr'><strong><em>δὲ</em></strong></span> <span class='ocrx_word' id='word_1_69' title='bbox 167 1080 226 1148; x_wconf 82' lang='grc' dir='ltr'><strong><em>καὶ</em></strong></span> <span class='ocrx_word' id='word_1_70' title='bbox 243 1081 389 1168; x_wconf 77' lang='grc' dir='ltr'><strong><em>Περσῶν</em></strong></span> <span class='ocrx_word' id='word_1_71' title='bbox 407 1077 534 1148; x_wconf 78' lang='grc' dir='ltr'><strong><em>αύτῶν·</em></strong></span> <span class='ocrx_word' id='word_1_72' title='bbox 560 1083 599 1146; x_wconf 83' lang='grc' dir='ltr'><strong><em>αί</em></strong></span> <span class='ocrx_word' id='word_1_73' title='bbox 618 1105 654 1146; x_wconf 89' lang='grc' dir='ltr'><strong><em>τε</em></strong></span> <span class='ocrx_word' id='word_1_74' title='bbox 671 1077 814 1168; x_wconf 83' lang='grc' dir='ltr'><strong><em>τριήρεις</em></strong></span> <span class='ocrx_word' id='word_1_75' title='bbox 833 1079 1012 1169; x_wconf 75' lang='grc' dir='ltr'><strong><em>ἐφώρμουν</em></strong></span> <span class='ocrx_word' id='word_1_76' title='bbox 1029 1085 1076 1172; x_wconf 77' lang='grc' dir='ltr'><strong><em>τῷ</em></strong></span> 
     </span>
    </p>

    <p class='ocr_par' dir='ltr' id='par_1_3' title="bbox 66 1172 1078 1367">
     <span class='ocr_line' id='line_1_11' title="bbox 66 1172 1078 1274; baseline 0 -27"><span class='ocrx_word' id='word_1_77' title='bbox 66 1208 92 1247; x_wconf 82' lang='grc' dir='ltr'><strong><em>ιο</em></strong></span> <span class='ocrx_word' id='word_1_78' title='bbox 107 1180 230 1267; x_wconf 82' lang='grc' dir='ltr'><strong><em>λιμένι,</em></strong></span> <span class='ocrx_word' id='word_1_79' title='bbox 256 1172 301 1259; x_wconf 81' lang='grc' dir='ltr'><strong><em>τός</em></strong></span> <span class='ocrx_word' id='word_1_80' title='bbox 325 1179 382 1247; x_wconf 81' lang='grc' dir='ltr'><strong><em>καί</em></strong></span> <span class='ocrx_word' id='word_1_81' title='bbox 406 1177 473 1247; x_wconf 76' lang='grc' dir='ltr'><strong><em>ἀπὸ</em></strong></span> <span class='ocrx_word' id='word_1_82' title='bbox 500 1183 570 1248; x_wconf 80' lang='grc' dir='ltr'><strong><em>τεόν</em></strong></span> <span class='ocrx_word' id='word_1_83' title='bbox 595 1185 731 1247; x_wconf 80' lang='grc' dir='ltr'><strong><em>ναυτῶν</em></strong></span> <span class='ocrx_word' id='word_1_84' title='bbox 757 1179 886 1266; x_wconf 89' lang='grc' dir='ltr'><strong><em>πολλῆν</em></strong></span> <span class='ocrx_word' id='word_1_85' title='bbox 913 1175 1078 1274; x_wconf 78' lang='grc' dir='ltr'><strong><em>α’φίλειαν</em></strong></span> 
     </span>
     <span class='ocr_line' id='line_1_12' title="bbox 106 1279 511 1367; baseline -0.005 -19"><span class='ocrx_word' id='word_1_86' title='bbox 106 1287 291 1366; x_wconf 88' lang='grc' dir='ltr'><strong><em>γίγνεσθαι</em></strong></span> <span class='ocrx_word' id='word_1_87' title='bbox 310 1283 343 1360; x_wconf 89' lang='grc' dir='ltr'><strong><em>ἐς</em></strong></span> <span class='ocrx_word' id='word_1_88' title='bbox 361 1279 401 1348; x_wconf 76' lang='grc' dir='ltr'><strong><em>τοὶ</em></strong></span> <span class='ocrx_word' id='word_1_89' title='bbox 419 1285 511 1367; x_wconf 83' lang='grc' dir='ltr'><strong><em>ἔργα.</em></strong></span> 
     </span>
    </p>

    <p class='ocr_par' dir='ltr' id='par_1_4' title="bbox 108 1375 1115 1674">
     <span class='ocr_line' id='line_1_13' title="bbox 190 1375 1115 1471; baseline 0.001 -21"><span class='ocrx_word' id='word_1_90' title='bbox 190 1385 238 1470; x_wconf 86' lang='grc' dir='ltr'><strong><em>Τῆ</em></strong></span> <span class='ocrx_word' id='word_1_91' title='bbox 249 1379 312 1468; x_wconf 68' lang='grc' dir='ltr'><strong><em>μὲν</em></strong></span> <span class='ocrx_word' id='word_1_92' title='bbox 322 1379 363 1468; x_wconf 88' lang='grc' dir='ltr'><strong><em>δῆ</em></strong></span> <span class='ocrx_word' id='word_1_93' title='bbox 374 1379 490 1470; x_wconf 75' lang='grc' dir='ltr'><strong><em>πρώτῃ</em></strong></span> <span class='ocrx_word' id='word_1_94' title='bbox 499 1375 608 1471; x_wconf 81' lang='grc' dir='ltr'><strong><em>ῆμέρᾳ</em></strong></span> <span class='ocrx_word' id='word_1_95' title='bbox 619 1377 1076 1471; x_wconf 81' lang='grc' dir='ltr'><strong><em>προσόγοντοςἈλεξύνδρου</em></strong></span> <span class='ocrx_word' id='word_1_96' title='bbox 1094 1402 1115 1451; x_wconf 78' lang='lat'><strong><em>4-</em></strong></span> 
     </span>
     <span class='ocr_line' id='line_1_14' title="bbox 108 1480 1077 1574; baseline 0 -24"><span class='ocrx_word' id='word_1_97' title='bbox 108 1485 156 1574; x_wconf 75' lang='grc' dir='ltr'><strong><em>τῷ</em></strong></span> <span class='ocrx_word' id='word_1_98' title='bbox 182 1488 284 1570; x_wconf 85' lang='grc' dir='ltr'><strong><em>τείχει</em></strong></span> <span class='ocrx_word' id='word_1_99' title='bbox 308 1481 392 1550; x_wconf 84' lang='grc' dir='ltr'><strong><em>κατδ</em></strong></span> <span class='ocrx_word' id='word_1_100' title='bbox 423 1481 482 1561; x_wconf 78' lang='grc' dir='ltr'><strong><em>τὰς</em></strong></span> <span class='ocrx_word' id='word_1_101' title='bbox 514 1482 568 1550; x_wconf 79' lang='grc' dir='ltr'><strong><em>ἐπὶ</em></strong></span> <span class='ocrx_word' id='word_1_102' title='bbox 595 1480 747 1552; x_wconf 80' lang='grc' dir='ltr'><strong><em>Μύλασα</em></strong></span> <span class='ocrx_word' id='word_1_103' title='bbox 773 1481 942 1571; x_wconf 76' lang='grc' dir='ltr'><strong><em>φερούσας</em></strong></span> <span class='ocrx_word' id='word_1_104' title='bbox 969 1482 1077 1563; x_wconf 87' lang='grc' dir='ltr'><strong><em>πύλας</em></strong></span> 
     </span>
     <span class='ocr_line' id='line_1_15' title="bbox 111 1581 1078 1674; baseline 0.001 -23"><span class='ocrx_word' id='word_1_105' title='bbox 111 1582 259 1673; x_wconf 82' lang='grc' dir='ltr'><strong><em>ἐκδρομή</em></strong></span> <span class='ocrx_word' id='word_1_106' title='bbox 276 1609 312 1652; x_wconf 92' lang='grc' dir='ltr'><strong><em>τε</em></strong></span> <span class='ocrx_word' id='word_1_107' title='bbox 330 1587 481 1669; x_wconf 88' lang='grc' dir='ltr'><strong><em>γίγνεται</em></strong></span> <span class='ocrx_word' id='word_1_108' title='bbox 497 1587 565 1650; x_wconf 70' lang='grc' dir='ltr'><strong><em>τοῖν</em></strong></span> <span class='ocrx_word' id='word_1_109' title='bbox 584 1584 620 1650; x_wconf 82' lang='grc' dir='ltr'><strong><em>ἐκ</em></strong></span> <span class='ocrx_word' id='word_1_110' title='bbox 637 1585 696 1668; x_wconf 86' lang='grc' dir='ltr'><strong><em>τῆς</em></strong></span> <span class='ocrx_word' id='word_1_111' title='bbox 714 1581 843 1663; x_wconf 67' lang='grc' dir='ltr'><strong><em>πόλεως</em></strong></span> <span class='ocrx_word' id='word_1_112' title='bbox 860 1584 916 1652; x_wconf 83' lang='grc' dir='ltr'><strong><em>καὶ</em></strong></span> <span class='ocrx_word' id='word_1_113' title='bbox 934 1581 1078 1674; x_wconf 78' lang='grc' dir='ltr'><strong><em>ἀκροβο-</em></strong></span> 
     </span>
    </p>

    <p class='ocr_par' dir='ltr' id='par_1_5' title="bbox 73 1680 1080 1956">
     <span class='ocr_line' id='line_1_16' title="bbox 73 1680 1080 1772; baseline 0 -20"><span class='ocrx_word' id='word_1_114' title='bbox 73 1682 245 1772; x_wconf 77' lang='grc' dir='ltr'><strong><em>ιελισμός·</em></strong></span> <span class='ocrx_word' id='word_1_115' title='bbox 272 1684 329 1752; x_wconf 81' lang='grc' dir='ltr'><strong><em>καὶ</em></strong></span> <span class='ocrx_word' id='word_1_116' title='bbox 355 1682 497 1762; x_wconf 88' lang='grc' dir='ltr'><strong><em>τούτους</em></strong></span> <span class='ocrx_word' id='word_1_117' title='bbox 524 1680 565 1751; x_wconf 88' lang='grc' dir='ltr'><strong><em>ού</em></strong></span> <span class='ocrx_word' id='word_1_118' title='bbox 593 1688 745 1770; x_wconf 68' lang='grc' dir='ltr'><strong><em>χαλεποῖς</em></strong></span> <span class='ocrx_word' id='word_1_119' title='bbox 764 1681 958 1753; x_wconf 79' lang='grc' dir='ltr'><strong><em>ἀνέστειλάν</em></strong></span> <span class='ocrx_word' id='word_1_120' title='bbox 984 1711 1019 1752; x_wconf 91' lang='grc' dir='ltr'><strong><em>τε</em></strong></span> <span class='ocrx_word' id='word_1_121' title='bbox 1045 1689 1080 1752; x_wconf 88' lang='grc' dir='ltr'><strong><em>οί</em></strong></span> 
     </span>
     <span class='ocr_line' id='line_1_17' title="bbox 111 1782 1077 1874; baseline -0.002 -20"><span class='ocrx_word' id='word_1_122' title='bbox 111 1783 194 1872; x_wconf 89' lang='grc' dir='ltr'><strong><em>παρ’</em></strong></span> <span class='ocrx_word' id='word_1_123' title='bbox 216 1783 439 1874; x_wconf 76' lang='grc' dir='ltr'><strong><em>Ἀλεξάνδρου</em></strong></span> <span class='ocrx_word' id='word_1_124' title='bbox 459 1782 746 1873; x_wconf 75' lang='grc' dir='ltr'><strong><em>ἀντεκδραμόντες</em></strong></span> <span class='ocrx_word' id='word_1_125' title='bbox 769 1785 827 1852; x_wconf 82' lang='grc' dir='ltr'><strong><em>καὶ</em></strong></span> <span class='ocrx_word' id='word_1_126' title='bbox 851 1787 884 1864; x_wconf 87' lang='grc' dir='ltr'><strong><em>ἐς</em></strong></span> <span class='ocrx_word' id='word_1_127' title='bbox 901 1783 964 1872; x_wconf 93' lang='grc' dir='ltr'><strong><em>τῆν</em></strong></span> <span class='ocrx_word' id='word_1_128' title='bbox 981 1784 1077 1854; x_wconf 88' lang='grc' dir='ltr'><strong><em>πόλιν</em></strong></span> 
     </span>
     <span class='ocr_line' id='line_1_18' title="bbox 111 1887 338 1956; baseline -0.004 -1"><span class='ocrx_word' id='word_1_129' title='bbox 111 1887 338 1956; x_wconf 79' lang='grc' dir='ltr'><strong><em>κατέκλεισαν.</em></strong></span> 
     </span>
    </p>

    <p class='ocr_par' dir='ltr' id='par_1_6' title="bbox 114 1981 1112 2176">
     <span class='ocr_line' id='line_1_19' title="bbox 191 1981 1112 2078; baseline -0.003 -21"><span class='ocrx_word' id='word_1_130' title='bbox 191 1981 244 2058; x_wconf 90' lang='grc' dir='ltr'><strong><em>Ού</em></strong></span> <span class='ocrx_word' id='word_1_131' title='bbox 255 1995 395 2068; x_wconf 85' lang='grc' dir='ltr'><strong><em>πολλαίς</em></strong></span> <span class='ocrx_word' id='word_1_132' title='bbox 406 1986 444 2056; x_wconf 74' lang='grc' dir='ltr'><strong><em>δὲ</em></strong></span> <span class='ocrx_word' id='word_1_133' title='bbox 457 1985 602 2078; x_wconf 79' lang='grc' dir='ltr'><strong><em>ὕστερον</em></strong></span> <span class='ocrx_word' id='word_1_134' title='bbox 615 1983 753 2075; x_wconf 81' lang='grc' dir='ltr'><strong><em>ἡμέραις</em></strong></span> <span class='ocrx_word' id='word_1_135' title='bbox 764 1981 982 2075; x_wconf 81' lang='grc' dir='ltr'><strong><em>Ἀλέξανδρος</em></strong></span> <span class='ocrx_word' id='word_1_136' title='bbox 992 1982 1076 2054; x_wconf 83' lang='grc' dir='ltr'><strong><em>ἄνα·</em></strong></span> <span class='ocrx_word' id='word_1_137' title='bbox 1095 2003 1112 2054; x_wconf 82' lang='grc' dir='ltr'><strong><em>σ</em></strong></span> 
     </span>
     <span class='ocr_line' id='line_1_20' title="bbox 114 2085 1098 2176; baseline -0.001 -19"><span class='ocrx_word' id='word_1_138' title='bbox 114 2086 228 2176; x_wconf 69' lang='grc' dir='ltr'><strong><em>λαβών</em></strong></span> <span class='ocrx_word' id='word_1_139' title='bbox 253 2087 334 2168; x_wconf 90' lang='grc' dir='ltr'><strong><em>τούς</em></strong></span> <span class='ocrx_word' id='word_1_140' title='bbox 364 2115 400 2156; x_wconf 86' lang='grc' dir='ltr'><strong><em>τε</em></strong></span> <span class='ocrx_word' id='word_1_141' title='bbox 430 2085 641 2168; x_wconf 73' lang='grc' dir='ltr'><strong><em>ὑπασπιστὰς</em></strong></span> <span class='ocrx_word' id='word_1_142' title='bbox 672 2087 728 2154; x_wconf 79' lang='grc' dir='ltr'><strong><em>καὶ</em></strong></span> <span class='ocrx_word' id='word_1_143' title='bbox 753 2085 815 2174; x_wconf 89' lang='grc' dir='ltr'><strong><em>τῆν</em></strong></span> <span class='ocrx_word' id='word_1_144' title='bbox 840 2092 910 2156; x_wconf 67' lang='grc' dir='ltr'><strong><em>τοῖν</em></strong></span> <span class='ocrx_word' id='word_1_145' title='bbox 937 2088 1098 2176; x_wconf 81' lang='grc' dir='ltr'><strong><em>ἑταίρων</em></strong></span> 
     </span>
    </p>

    <p class='ocr_par' dir='ltr' id='par_1_7' title="bbox 79 2184 1127 2682">
     <span class='ocr_line' id='line_1_21' title="bbox 79 2184 1077 2278; baseline -0.003 -19"><span class='ocrx_word' id='word_1_146' title='bbox 79 2215 103 2259; x_wconf 74' lang='grc' dir='ltr'><strong><em>νο</em></strong></span> <span class='ocrx_word' id='word_1_147' title='bbox 116 2193 219 2258; x_wconf 79' lang='grc' dir='ltr'><strong><em>ἵππον</em></strong></span> <span class='ocrx_word' id='word_1_148' title='bbox 236 2189 294 2258; x_wconf 83' lang='grc' dir='ltr'><strong><em>καὶ</em></strong></span> <span class='ocrx_word' id='word_1_149' title='bbox 310 2188 372 2276; x_wconf 90' lang='grc' dir='ltr'><strong><em>τῆν</em></strong></span> <span class='ocrx_word' id='word_1_150' title='bbox 394 2184 562 2276; x_wconf 88' lang='grc' dir='ltr'><strong><em>Ἀμύντου</em></strong></span> <span class='ocrx_word' id='word_1_151' title='bbox 588 2188 698 2258; x_wconf 80' lang='grc' dir='ltr'><strong><em>τεκαὶ</em></strong></span> <span class='ocrx_word' id='word_1_152' title='bbox 716 2193 908 2278; x_wconf 89' lang='grc' dir='ltr'><strong><em>Περδίκκου</em></strong></span> <span class='ocrx_word' id='word_1_153' title='bbox 926 2188 1077 2258; x_wconf 80' lang='grc' dir='ltr'><strong><em>καλ-Με-</em></strong></span> 
     </span>
     <span class='ocr_line' id='line_1_22' title="bbox 115 2285 1078 2379; baseline -0.001 -21"><span class='ocrx_word' id='word_1_154' title='bbox 115 2290 258 2379; x_wconf 82' lang='grc' dir='ltr'><strong><em>λεάγρου</em></strong></span> <span class='ocrx_word' id='word_1_155' title='bbox 284 2289 377 2372; x_wconf 81' lang='grc' dir='ltr'><strong><em>νύξιν</em></strong></span> <span class='ocrx_word' id='word_1_156' title='bbox 402 2287 465 2376; x_wconf 91' lang='grc' dir='ltr'><strong><em>τῆν</em></strong></span> <span class='ocrx_word' id='word_1_157' title='bbox 491 2287 625 2375; x_wconf 79' lang='grc' dir='ltr'><strong><em>πεζικῆν</em></strong></span> <span class='ocrx_word' id='word_1_158' title='bbox 650 2289 707 2356; x_wconf 82' lang='grc' dir='ltr'><strong><em>καλ</em></strong></span> <span class='ocrx_word' id='word_1_159' title='bbox 733 2285 818 2378; x_wconf 80' lang='grc' dir='ltr'><strong><em>πρὸς</em></strong></span> <span class='ocrx_word' id='word_1_160' title='bbox 843 2289 972 2369; x_wconf 91' lang='grc' dir='ltr'><strong><em>τούτοις</em></strong></span> <span class='ocrx_word' id='word_1_161' title='bbox 998 2287 1078 2368; x_wconf 83' lang='grc' dir='ltr'><strong><em>τούς</em></strong></span> 
     </span>
     <span class='ocr_line' id='line_1_23' title="bbox 115 2387 1077 2479; baseline -0.003 -19"><span class='ocrx_word' id='word_1_162' title='bbox 115 2390 249 2473; x_wconf 84' lang='grc' dir='ltr'><strong><em>τοξότας</em></strong></span> <span class='ocrx_word' id='word_1_163' title='bbox 271 2391 329 2459; x_wconf 80' lang='grc' dir='ltr'><strong><em>καὶ</em></strong></span> <span class='ocrx_word' id='word_1_164' title='bbox 353 2388 434 2470; x_wconf 85' lang='grc' dir='ltr'><strong><em>τούς</em></strong></span> <span class='ocrx_word' id='word_1_165' title='bbox 449 2387 624 2479; x_wconf 87' lang='grc' dir='ltr'><strong><em>Ἀγριᾶνας</em></strong></span> <span class='ocrx_word' id='word_1_166' title='bbox 642 2394 802 2478; x_wconf 80' lang='grc' dir='ltr'><strong><em>περιῆλθε</em></strong></span> <span class='ocrx_word' id='word_1_167' title='bbox 818 2396 877 2477; x_wconf 86' lang='grc' dir='ltr'><strong><em>τῆς</em></strong></span> <span class='ocrx_word' id='word_1_168' title='bbox 895 2389 1025 2468; x_wconf 87' lang='grc' dir='ltr'><strong><em>πόλεως</em></strong></span> <span class='ocrx_word' id='word_1_169' title='bbox 1044 2391 1077 2468; x_wconf 83' lang='grc' dir='ltr'><strong><em>ἐς</em></strong></span> 
     </span>
     <span class='ocr_line' id='line_1_24' title="bbox 115 2488 1127 2580; baseline -0.002 -20"><span class='ocrx_word' id='word_1_170' title='bbox 115 2491 151 2561; x_wconf 89' lang='grc' dir='ltr'><strong><em>τὸ</em></strong></span> <span class='ocrx_word' id='word_1_171' title='bbox 175 2491 259 2580; x_wconf 86' lang='grc' dir='ltr'><strong><em>πρός</em></strong></span> <span class='ocrx_word' id='word_1_172' title='bbox 278 2489 428 2562; x_wconf 86' lang='grc' dir='ltr'><strong><em>Μύνδου</em></strong></span> <span class='ocrx_word' id='word_1_173' title='bbox 446 2491 563 2579; x_wconf 82' lang='grc' dir='ltr'><strong><em>μέρος,</em></strong></span> <span class='ocrx_word' id='word_1_174' title='bbox 581 2488 621 2558; x_wconf 92' lang='grc' dir='ltr'><strong><em>τό</em></strong></span> <span class='ocrx_word' id='word_1_175' title='bbox 646 2516 681 2558; x_wconf 89' lang='grc' dir='ltr'><strong><em>τε</em></strong></span> <span class='ocrx_word' id='word_1_176' title='bbox 704 2505 811 2578; x_wconf 80' lang='grc' dir='ltr'><strong><em>τεῖχος</em></strong></span> <span class='ocrx_word' id='word_1_177' title='bbox 836 2489 1077 2578; x_wconf 83' lang='grc' dir='ltr'><strong><em>κατοψόμενος,</em></strong></span> <span class='ocrx_word' id='word_1_178' title='bbox 1118 2499 1127 2515; x_wconf 90' lang='grc'><em>“</em></span> 
     </span>
     <span class='ocr_line' id='line_1_25' title="bbox 118 2585 1080 2682; baseline -0.003 -20"><span class='ocrx_word' id='word_1_179' title='bbox 118 2597 148 2662; x_wconf 84' lang='grc' dir='ltr'><strong><em>εί</em></strong></span> <span class='ocrx_word' id='word_1_180' title='bbox 158 2591 263 2682; x_wconf 74' lang='grc' dir='ltr'><strong><em>ταύτῃ</em></strong></span> <span class='ocrx_word' id='word_1_181' title='bbox 278 2591 526 2681; x_wconf 73' lang='grc' dir='ltr'><strong><em>ἐπιμαχώτερον</em></strong></span> <span class='ocrx_word' id='word_1_182' title='bbox 538 2585 746 2678; x_wconf 84' lang='grc' dir='ltr'><strong><em>τνγχύνειόν</em></strong></span> <span class='ocrx_word' id='word_1_183' title='bbox 760 2589 795 2671; x_wconf 80' lang='grc' dir='ltr'><strong><em>ἐς</em></strong></span> <span class='ocrx_word' id='word_1_184' title='bbox 807 2589 871 2678; x_wconf 87' lang='grc' dir='ltr'><strong><em>τῆν</em></strong></span> <span class='ocrx_word' id='word_1_185' title='bbox 885 2589 1080 2681; x_wconf 86' lang='grc' dir='ltr'><strong><em>προσβολῆν</em></strong></span> 
     </span>
    </p>

    <p class='ocr_par' dir='ltr' id='par_1_8' title="bbox 83 2686 1079 2884">
     <span class='ocr_line' id='line_1_26' title="bbox 83 2686 1079 2788; baseline -0.002 -26"><span class='ocrx_word' id='word_1_186' title='bbox 83 2719 107 2762; x_wconf 79' lang='grc' dir='ltr'><strong><em>ιε</em></strong></span> <span class='ocrx_word' id='word_1_187' title='bbox 118 2694 172 2762; x_wconf 83' lang='grc' dir='ltr'><strong><em>καὶ</em></strong></span> <span class='ocrx_word' id='word_1_188' title='bbox 189 2692 257 2782; x_wconf 77' lang='grc' dir='ltr'><strong><em>ἅμα</em></strong></span> <span class='ocrx_word' id='word_1_189' title='bbox 275 2700 308 2763; x_wconf 87' lang='grc' dir='ltr'><strong><em>εί</em></strong></span> <span class='ocrx_word' id='word_1_190' title='bbox 322 2691 384 2780; x_wconf 89' lang='grc' dir='ltr'><strong><em>τῆν</em></strong></span> <span class='ocrx_word' id='word_1_191' title='bbox 397 2691 544 2763; x_wconf 89' lang='grc' dir='ltr'><strong><em>Μύνδον</em></strong></span> <span class='ocrx_word' id='word_1_192' title='bbox 559 2686 593 2774; x_wconf 80' lang='grc' dir='ltr'><strong><em>ἒξ</em></strong></span> <span class='ocrx_word' id='word_1_193' title='bbox 609 2687 791 2781; x_wconf 75' lang='grc' dir='ltr'><strong><em>ἐπιδρομῆς</em></strong></span> <span class='ocrx_word' id='word_1_194' title='bbox 805 2690 943 2788; x_wconf 84' lang='grc' dir='ltr'><strong><em>δύναιτο</em></strong></span> <span class='ocrx_word' id='word_1_195' title='bbox 961 2691 1079 2760; x_wconf 77' lang='grc' dir='ltr'><strong><em>λαθών</em></strong></span> 
     </span>
     <span class='ocr_line' id='line_1_27' title="bbox 119 2789 1078 2884; baseline -0.001 -21"><span class='ocrx_word' id='word_1_196' title='bbox 119 2807 309 2884; x_wconf 83' lang='grc' dir='ltr'><strong><em>κατασχεῖν·</em></strong></span> <span class='ocrx_word' id='word_1_197' title='bbox 346 2799 482 2862; x_wconf 83' lang='grc' dir='ltr'><strong><em>ἔσεσθαι</em></strong></span> <span class='ocrx_word' id='word_1_198' title='bbox 507 2791 572 2882; x_wconf 75' lang='grc' dir='ltr'><strong><em>γὰρ</em></strong></span> <span class='ocrx_word' id='word_1_199' title='bbox 598 2789 639 2862; x_wconf 91' lang='grc' dir='ltr'><strong><em>ού</em></strong></span> <span class='ocrx_word' id='word_1_200' title='bbox 665 2791 808 2880; x_wconf 78' lang='grc' dir='ltr'><strong><em>σμικρόν</em></strong></span> <span class='ocrx_word' id='word_1_201' title='bbox 831 2791 895 2879; x_wconf 87' lang='grc' dir='ltr'><strong><em>τῆν</em></strong></span> <span class='ocrx_word' id='word_1_202' title='bbox 914 2789 1078 2880; x_wconf 73' lang='grc' dir='ltr'><strong><em>ὠφέλειαν</em></strong></span> 
     </span>
    </p>

    <p class='ocr_par' dir='ltr' id='par_1_9' title="bbox 77 2891 1079 3086">
     <span class='ocr_line' id='line_1_28' title="bbox 77 2891 1079 2984; baseline -0.002 -19"><span class='ocrx_word' id='word_1_203' title='bbox 77 2929 83 2942; x_wconf 71' lang='grc'>’</span> <span class='ocrx_word' id='word_1_204' title='bbox 119 2893 151 2976; x_wconf 80' lang='grc' dir='ltr'><strong><em>ἐς</em></strong></span> <span class='ocrx_word' id='word_1_205' title='bbox 175 2895 238 2984; x_wconf 92' lang='grc' dir='ltr'><strong><em>τῆν</em></strong></span> <span class='ocrx_word' id='word_1_206' title='bbox 262 2900 322 2982; x_wconf 86' lang='grc' dir='ltr'><strong><em>τῆς</em></strong></span> <span class='ocrx_word' id='word_1_207' title='bbox 345 2893 608 2984; x_wconf 75' lang='grc' dir='ltr'><strong><em>Ἁλικαρνασσοῦ</em></strong></span> <span class='ocrx_word' id='word_1_208' title='bbox 635 2898 833 2980; x_wconf 90' lang='grc' dir='ltr'><strong><em>πολιορκίαν</em></strong></span> <span class='ocrx_word' id='word_1_209' title='bbox 850 2891 914 2980; x_wconf 89' lang='grc' dir='ltr'><strong><em>τῆν</em></strong></span> <span class='ocrx_word' id='word_1_210' title='bbox 932 2891 1079 2963; x_wconf 84' lang='grc' dir='ltr'><strong><em>Μύνδον</em></strong></span> 
     </span>
     <span class='ocr_line' id='line_1_29' title="bbox 119 2989 1079 3086; baseline -0.002 -20"><span class='ocrx_word' id='word_1_211' title='bbox 119 3003 244 3066; x_wconf 88' lang='grc' dir='ltr'><strong><em>οίκείαν</em></strong></span> <span class='ocrx_word' id='word_1_212' title='bbox 270 2999 467 3084; x_wconf 74' lang='grc' dir='ltr'><strong><em>γενομένην·</em></strong></span> <span class='ocrx_word' id='word_1_213' title='bbox 490 2991 563 3064; x_wconf 85' lang='grc' dir='ltr'><strong><em>’καί</em></strong></span> <span class='ocrx_word' id='word_1_214' title='bbox 584 3021 614 3064; x_wconf 93' lang='grc' dir='ltr'><strong><em>τι</em></strong></span> <span class='ocrx_word' id='word_1_215' title='bbox 640 2993 697 3063; x_wconf 81' lang='grc' dir='ltr'><strong><em>καὶ</em></strong></span> <span class='ocrx_word' id='word_1_216' title='bbox 723 2990 893 3063; x_wconf 82' lang='grc' dir='ltr'><strong><em>ἐνεδίδοτο</em></strong></span> <span class='ocrx_word' id='word_1_217' title='bbox 920 2989 1014 3086; x_wconf 75' lang='grc' dir='ltr'><strong><em>αύτῷ</em></strong></span> <span class='ocrx_word' id='word_1_218' title='bbox 1041 2993 1079 3064; x_wconf 79' lang='grc' dir='ltr'><strong><em>ἐκ</em></strong></span> 
     </span>
    </p>
   </div>
   <div class='ocr_carea' id='block_1_3' title="bbox 88 3091 1114 3491">
    <p class='ocr_par' dir='ltr' id='par_1_10' title="bbox 88 3091 1114 3286">
     <span class='ocr_line' id='line_1_30' title="bbox 119 3091 1114 3184; baseline -0.003 -19"><span class='ocrx_word' id='word_1_219' title='bbox 119 3103 183 3167; x_wconf 79' lang='grc' dir='ltr'><strong><em>τόν</em></strong></span> <span class='ocrx_word' id='word_1_220' title='bbox 201 3102 389 3184; x_wconf 84' lang='grc' dir='ltr'><strong><em>Μυνδίων,</em></strong></span> <span class='ocrx_word' id='word_1_221' title='bbox 413 3101 446 3165; x_wconf 88' lang='grc' dir='ltr'><strong><em>εί</em></strong></span> <span class='ocrx_word' id='word_1_222' title='bbox 470 3093 570 3165; x_wconf 85' lang='grc' dir='ltr'><strong><em>λύθοι</em></strong></span> <span class='ocrx_word' id='word_1_223' title='bbox 586 3093 710 3174; x_wconf 87' lang='grc' dir='ltr'><strong><em>νυκτός</em></strong></span> <span class='ocrx_word' id='word_1_224' title='bbox 729 3094 939 3184; x_wconf 79' lang='grc' dir='ltr'><strong><em>προσελθών.</em></strong></span> <span class='ocrx_word' id='word_1_225' title='bbox 976 3091 1114 3176; x_wconf 81' lang='grc' dir='ltr'><strong><em>αύτδςο</em></strong></span> 
     </span>
     <span class='ocr_line' id='line_1_31' title="bbox 88 3189 1078 3286; baseline 0.001 -22"><span class='ocrx_word' id='word_1_226' title='bbox 88 3197 186 3286; x_wconf 71' lang='grc' dir='ltr'><strong><em>κμὲν·</em></strong></span> <span class='ocrx_word' id='word_1_227' title='bbox 210 3197 252 3285; x_wconf 86' lang='grc' dir='ltr'><strong><em>δῆ</em></strong></span> <span class='ocrx_word' id='word_1_228' title='bbox 286 3196 370 3266; x_wconf 75' lang='grc' dir='ltr'><strong><em>κατα</em></strong></span> <span class='ocrx_word' id='word_1_229' title='bbox 401 3195 443 3266; x_wconf 81' lang='grc' dir='ltr'><strong><em>τοὶ</em></strong></span> <span class='ocrx_word' id='word_1_230' title='bbox 475 3202 678 3286; x_wconf 80' lang='grc' dir='ltr'><strong><em>συγκείμενα</em></strong></span> <span class='ocrx_word' id='word_1_231' title='bbox 710 3193 797 3286; x_wconf 82' lang='grc' dir='ltr'><strong><em>ἀμφὶ</em></strong></span> <span class='ocrx_word' id='word_1_232' title='bbox 828 3196 931 3286; x_wconf 80' lang='grc' dir='ltr'><strong><em>μέσας</em></strong></span> <span class='ocrx_word' id='word_1_233' title='bbox 954 3189 1078 3276; x_wconf 85' lang='grc' dir='ltr'><strong><em>νύκτας</em></strong></span> 
     </span>
    </p>

    <p class='ocr_par' dir='ltr' id='par_1_11' title="bbox 121 3293 1079 3392">
     <span class='ocr_line' id='line_1_32' title="bbox 121 3293 1079 3392; baseline -0.003 -24"><span class='ocrx_word' id='word_1_234' title='bbox 121 3303 290 3388; x_wconf 80' lang='grc' dir='ltr'><strong><em>προσῆλθε</em></strong></span> <span class='ocrx_word' id='word_1_235' title='bbox 308 3303 355 3392; x_wconf 77' lang='grc' dir='ltr'><strong><em>τῷ</em></strong></span> <span class='ocrx_word' id='word_1_236' title='bbox 373 3305 488 3386; x_wconf 87' lang='grc' dir='ltr'><strong><em>τείχει·</em></strong></span> <span class='ocrx_word' id='word_1_237' title='bbox 508 3295 553 3378; x_wconf 78' lang='grc' dir='ltr'><strong><em>ὡς</em></strong></span> <span class='ocrx_word' id='word_1_238' title='bbox 567 3297 605 3366; x_wconf 76' lang='grc' dir='ltr'><strong><em>δέ</em></strong></span> <span class='ocrx_word' id='word_1_239' title='bbox 623 3296 726 3367; x_wconf 74' lang='grc' dir='ltr'><strong><em>ου’δὲν</em></strong></span> <span class='ocrx_word' id='word_1_240' title='bbox 740 3295 910 3368; x_wconf 80' lang='grc' dir='ltr'><strong><em>ἐνεδίδοτο</em></strong></span> <span class='ocrx_word' id='word_1_241' title='bbox 926 3293 992 3366; x_wconf 86' lang='grc' dir='ltr'><strong><em>ιἰπὸ</em></strong></span> <span class='ocrx_word' id='word_1_242' title='bbox 1011 3303 1079 3366; x_wconf 73' lang='grc' dir='ltr'><strong><em>τοῖν</em></strong></span> 
     </span>
    </p>

    <p class='ocr_par' dir='ltr' id='par_1_12' title="bbox 123 3394 1078 3491">
     <span class='ocr_line' id='line_1_33' title="bbox 123 3394 1078 3491; baseline -0.006 -21"><span class='ocrx_word' id='word_1_243' title='bbox 123 3406 228 3488; x_wconf 82' lang='grc' dir='ltr'><strong><em>ἔνδον,</em></strong></span> <span class='ocrx_word' id='word_1_244' title='bbox 247 3405 286 3469; x_wconf 81' lang='grc' dir='ltr'><strong><em>αἴ</em></strong></span> <span class='ocrx_word' id='word_1_245' title='bbox 300 3427 337 3471; x_wconf 87' lang='grc' dir='ltr'><strong><em>τε</em></strong></span> <span class='ocrx_word' id='word_1_246' title='bbox 349 3399 494 3490; x_wconf 78' lang='grc' dir='ltr'><strong><em>μηχαναί</em></strong></span> <span class='ocrx_word' id='word_1_247' title='bbox 509 3399 565 3468; x_wconf 83' lang='grc' dir='ltr'><strong><em>καὶ</em></strong></span> <span class='ocrx_word' id='word_1_248' title='bbox 579 3404 618 3468; x_wconf 89' lang='grc' dir='ltr'><strong><em>αί</em></strong></span> <span class='ocrx_word' id='word_1_249' title='bbox 632 3405 790 3488; x_wconf 85' lang='grc' dir='ltr'><strong><em>κλίμακες</em></strong></span> <span class='ocrx_word' id='word_1_250' title='bbox 804 3395 897 3491; x_wconf 75' lang='grc' dir='ltr'><strong><em>αύτῷ</em></strong></span> <span class='ocrx_word' id='word_1_251' title='bbox 911 3394 954 3467; x_wconf 89' lang='grc' dir='ltr'><strong><em>ου’</em></strong></span> <span class='ocrx_word' id='word_1_252' title='bbox 968 3403 1078 3486; x_wconf 87' lang='grc' dir='ltr'><strong><em>παρῆ-</em></strong></span> 
     </span>
    </p>
   </div>
   <div class='ocr_carea' id='block_1_4' title="bbox 0 0 1294 3920">
    <p class='ocr_par' dir='ltr' id='par_1_13' title="bbox 0 0 1294 3920">
     <span class='ocr_line' id='line_1_34' title="bbox 0 0 1294 3920; baseline 0 0"><span class='ocrx_word' id='word_1_253' title='bbox 0 0 1294 3920; x_wconf 95' lang='lat' dir='ltr'><strong><em> </em></strong></span> 
     </span>
    </p>
   </div>
  </div>
 </body>
</html>
