2632 3922
469 146 654 198 εαευεειε
672 149 702 210 ε,
721 149 746 198 ι.
764 149 787 198 ε.
1020 127 1024 134 ’
1048 144 1117 210 249

145 303 255 394 ἡμέρᾳ
283 305 338 375 ἐπὶ
363 304 427 391 τὴν
454 301 626 392 ξυμβολὴν
651 307 713 372 τού
738 330 774 374 τε
787 301 956 375 Ὑδάσπου
974 304 1031 372 καὶ
1049 307 1114 372 τού

144 401 328 476 Ἀκεσίνου.
373 409 431 474 ’ίνα
458 405 496 474 δέ
522 404 770 492 ξυμβάλλουσιν
797 409 832 474 οί
847 405 989 495 ποταμοὶ
1007 397 1116 490 οὗτοι,

103 581 105 586 ,
149 505 355 586 στενῶτατος
382 501 430 585 εἷς
457 505 605 592 ποταμὸς
624 507 660 574 έκ
678 519 752 573 τοῖν
770 511 871 574 δυοῖν
888 513 1038 593 γίγνεται
1055 504 1113 572 καὶ

118 616 120 619 ’
148 605 186 674 τδ
202 609 310 695 ρεύμα
324 603 420 696 αύτῷ
434 603 493 685 όξύ
512 607 567 674 ἐπὶ
580 610 621 694 τῇ
637 605 807 693 στενότητι
820 605 877 674 καὶ
891 611 984 675 δῖναι
996 603 1116 673 άτοποε

120 704 421 794 εύποστρέφοντος
438 711 501 774 τού
519 707 596 794 ῥοῦ,
613 707 670 774 καὶ
689 705 727 774 τδ
745 703 842 796 ύδωρ
860 711 1063 794 κυμαίνεταί
1067 731 1116 772 τε

148 807 206 876 καλ
236 807 387 894 καχλάζει
414 805 468 876 ἐπὶ
493 806 591 893 μέγα,
619 804 665 886 ῶς
699 807 757 874 καὶ
783 805 900 897 πόρρω
926 811 976 878 ἐτι
1002 804 1112 874 όντων

148 907 368 988 ἐξακούεσθαι
384 906 444 974 τὸν
461 905 591 976 κτύπον
616 908 677 975 τού
704 905 863 994 κύματος.
903 907 961 976 καὶ
990 899 1034 994 ἦν
1050 905 1152 993 μένᾰ

149 1008 438 1094 προεξηγγελμένα
450 1012 561 1080 ,ταῦτα
576 1004 784 1100 Ἀλεξάνδρου
799 1009 835 1076 έκ
852 1009 922 1076 τῶν
941 1010 1118 1095 ἐγχωρίων

149 1107 204 1176 καὶ
233 1109 273 1187 ἐξ
296 1105 519 1195 Ἀλεξάνδρου
550 1111 592 1195 τῇ
621 1111 769 1197 στρατιᾷ·
814 1105 905 1194 ὅμως
931 1107 970 1176 δέ
997 1105 1115 1192 ἐπειδὴ

109 1239 137 1278 ιο
152 1209 304 1290 ἐπέλαζεν
322 1207 416 1298 αύτῷ
431 1222 503 1288 ταῖς
521 1209 704 1295 ξυμβολαῖς
719 1203 737 1275 δ
753 1207 906 1296 στρατός,
926 1211 960 1287 ἐς
973 1201 1118 1276 τοσόνδε

61 1321 65 1328 ’
149 1307 168 1376 ὁ
195 1307 262 1376 άπδ
290 1313 352 1376 τού
379 1311 442 1396 ῥοῦ
468 1308 595 1388 κτύπος
621 1322 787 1395 κατεῖχεν,
815 1307 900 1377 ῶστε
928 1308 1116 1393 ἐπέστησαν

150 1405 209 1488 τάς
228 1414 373 1498 εἰρεσίας
391 1413 428 1476 οί
437 1413 568 1494 ναύται,
587 1405 652 1476 ούκ
667 1411 704 1477 ἐκ
717 1408 1009 1496 παραγγέλματος,
1027 1404 1113 1474 άλλά

149 1512 218 1576 τῶν
243 1535 280 1577 τε
304 1513 495 1578 κελευστῶν
521 1505 590 1576 ύπό
622 1505 798 1595 θαύματος
833 1507 1114 1602 ἐκσιωπησάντων

149 1609 206 1677 καὶ
241 1607 340 1677 αύτοὶ
371 1609 530 1698 μετέωροι
561 1607 643 1696 πρὸς
674 1608 735 1676 τὸν
766 1607 896 1677 κτύπον
929 1605 1113 1694 γενόμενοι.

111 1735 138 1776 15
224 1707 280 1790 Ὡς
299 1707 336 1778 δέ
354 1706 396 1777 ού
415 1709 532 1798 πόρρω
549 1713 619 1776 τῶν
638 1711 818 1796 ξυμβολῶν
836 1701 935 1798 ἦσαν,
964 1701 1155 1778 ἐνταῦθα5

151 1808 193 1896 δὴ
227 1815 264 1878 οί
294 1813 496 1898 κυβερνῆται
528 1811 821 1904 παραγγέλλουσιν
855 1803 903 1889 ῶς
940 1809 1114 1897 βιαιοτάτη

150 1915 280 2000 είρεσίᾳ
297 1911 493 1999 χρωμένους
520 1909 710 1990 ἐξελαύνειν
744 1912 781 1978 ἐκ
797 1911 868 1978 τῶν
887 1912 1027 1996 στενῶν,
1052 1913 1116 1977 τού

151 2010 197 2098 μὴ
225 2009 451 2098 ἐμπιπτούσας
477 2009 540 2089 τάς
564 2013 652 2090 ναύς
680 2013 713 2088 ἐς
739 2007 799 2088 τάς
826 2014 924 2090 δίνας
950 2007 1116 2098 άναστρέ·

152 2122 277 2198 φεσθαι
293 2111 379 2200 πρδς
405 2108 531 2198 αύτῶν,
558 2107 644 2178 άλλά
670 2124 806 2199 κρατεῖν
832 2109 898 2202 γάρ
924 2115 969 2199 τῇ
987 2115 1119 2200 εἰρεσίᾳ

112 2239 139 2280 ει
151 2218 219 2280 τῶν
236 2207 451 2300 ἐπιστροφῶν
467 2213 528 2279 τού
545 2207 680 2290 ὕδατος.
713 2210 754 2278 τά
772 2209 834 2298 μὲν
852 2210 895 2298 δὴ
923 2210 1115 2300 στρογγύλα
1132 2224 1152 2271 2

152 2321 253 2381 πλοῖα
280 2311 343 2380 ὅσα
368 2311 426 2381 καλ
454 2316 572 2400 ἔτυχεν
598 2310 713 2380 αύτῶν
739 2311 1006 2401 περιστραφέντα
1030 2307 1115 2396 πρός

151 2414 213 2482 τού
241 2413 320 2502 δοῦ,
347 2407 451 2480 ούδέν
477 2439 508 2480 τι
534 2411 689 2482 παθόντα
716 2413 754 2480 έν
780 2415 822 2500 τῇ
843 2413 1039 2500 ἐπιστροφῇ,
1067 2407 1119 2480 ὅτι

152 2513 196 2600 μὴ
215 2512 469 2600 συνταράξαντα
482 2512 562 2592 τούς
578 2513 793 2600 ἐμπλέοντας,
811 2513 950 2600 κατέστη
966 2513 999 2591 ές
1013 2509 1118 2600 εύδύ,

153 2613 238 2699 πρὸς
257 2610 364 2680 αύτοῦ
382 2613 445 2680 τοῦ
465 2614 527 2700 ῥοῦ
546 2608 761 2701 ὀρθωθέντα·
789 2617 828 2681 αί
843 2611 881 2680 δὲ
898 2611 1024 2700 μακραὶ
1037 2615 1116 2696 νῆες

114 2740 141 2782 ιε
154 2710 218 2796 ούχ
245 2709 406 2790 ῶσαύτως
433 2705 578 2791 ἀπαθεῖς
604 2710 763 2798 ἀπῆλθον
791 2713 827 2779 ἐν
844 2716 888 2800 τῇ
915 2714 1119 2800 ἐπιστροφῇ,

154 2810 234 2880 οὔτε
246 2810 405 2899 μετέωροι
419 2811 473 2880 ἐπὶ
485 2816 549 2878 τού
562 2811 780 2898 καχλάζοντος
795 2810 942 2900 κύματος
953 2809 1118 2891 ῶσαάτως

153 2903 274 3000 ούσαι,
310 2909 385 2980 ὅσαι
416 2937 452 2980 τε
483 2915 631 3000 δίκροτοι
657 2908 773 2980 αύτῶν
798 2911 858 2992 τάς
884 2912 985 2980 κάτω
1001 2911 1116 2992 κῶπας

131 3005 218 3082 ”ούκ
237 3012 293 3082 ἐπὶ
306 3009 394 3080 πολύ
415 3011 478 3091 ἐξω
496 3017 631 3098 ἔχουσαι
643 3016 705 3080 τού
718 3009 858 3092 ὕδατος·
885 3013 942 3081 καὶ
955 3016 994 3081 αί
1004 3015 1114 3080 κῶπαι
1133 3029 1152 3078 3

91 3123 93 3130 ‘
153 3113 195 3201 δὴ
210 3112 339 3198 αὐτοῖς,
358 3119 513 3198 πλαγίοις
530 3115 567 3182 ἐν
579 3127 653 3194 ταῖς
667 3117 776 3193 δίναις
790 3115 994 3201 γενομένοις,
1014 3131 1115 3182 συνε-

115 3242 141 3284 ιο
154 3221 321 3302 τρίβοντα,
347 3210 438 3282 ὅσων
455 3239 493 3298 γε
511 3213 809 3302 ἐγκατελήφθησαν
826 3213 895 3283 ύπδ
913 3215 973 3283 τοῦ
991 3209 1116 3292 ύδατος

155 3312 196 3382 ού
224 3313 433 3403 φθασάντων
460 3311 565 3394 αύτάς
590 3321 799 3402 μετεωρίσαι,
827 3313 873 3394 ῶς
899 3311 1026 3394 πολλάς
1052 3311 1117 3400 μὲν

154 3420 298 3503 πονῆσαι
330 3417 400 3484 τῶν
431 3418 530 3503 νεῶν,
558 3414 622 3484 δύο
649 3413 687 3484 δέ
714 3416 755 3500 δὴ
782 3414 1026 3505 περιπεσούσας
1052 3407 1118 3481 άλ-
