<?xml version="1.0" encoding="UTF-8"?>
<!DOCTYPE html PUBLIC "-//W3C//DTD XHTML 1.0 Transitional//EN"
    "http://www.w3.org/TR/xhtml1/DTD/xhtml1-transitional.dtd">
<html xmlns="http://www.w3.org/1999/xhtml" xml:lang="en" lang="en">
 <head>
  <title>
</title>
<meta http-equiv="Content-Type" content="text/html;charset=utf-8" />
  <meta name='ocr-system' content='tesseract 3.04.00' />
  <meta name='ocr-capabilities' content='ocr_page ocr_carea ocr_par ocr_line ocrx_word'/>
</head>
<body>
  <div class='ocr_page' id='page_1' title='image "./arrianianabasis01arrigoog_0024.png"; bbox 0 0 2572 3920; ppageno 0'>
   <div class='ocr_carea' id='block_1_1' title="bbox 457 216 1077 284">
    <p class='ocr_par' dir='ltr' id='par_1_1' title="bbox 457 216 1077 284">
     <span class='ocr_line' id='line_1_1' title="bbox 457 216 1077 284; baseline -0.008 -14"><span class='ocrx_word' id='word_1_1' title='bbox 457 217 641 271; x_wconf 73' lang='grc' dir='ltr'><em>εαεεεειε</em></span> <span class='ocrx_word' id='word_1_2' title='bbox 660 221 688 284; x_wconf 90' lang='lat'><em>1,</em></span> <span class='ocrx_word' id='word_1_3' title='bbox 709 221 732 269; x_wconf 90' lang='lat'><em>1.</em></span> <span class='ocrx_word' id='word_1_4' title='bbox 1055 216 1077 280; x_wconf 86' lang='lat'><strong>3</strong></span> 
     </span>
    </p>
   </div>
   <div class='ocr_carea' id='block_1_2' title="bbox 110 353 1076 654">
    <p class='ocr_par' dir='ltr' id='par_1_2' title="bbox 110 353 1076 654">
     <span class='ocr_line' id='line_1_2' title="bbox 110 353 1076 449; baseline -0.004 -20"><span class='ocrx_word' id='word_1_5' title='bbox 110 353 237 449; x_wconf 86' lang='grc' dir='ltr'><em>άμάξας</em></span> <span class='ocrx_word' id='word_1_6' title='bbox 256 359 315 427; x_wconf 84' lang='grc' dir='ltr'><em>καὶ</em></span> <span class='ocrx_word' id='word_1_7' title='bbox 334 358 580 448; x_wconf 80' lang='grc' dir='ltr'><em>προβαλόμενοι</em></span> <span class='ocrx_word' id='word_1_8' title='bbox 598 357 662 448; x_wconf 90' lang='grc' dir='ltr'><em>πρδ</em></span> <span class='ocrx_word' id='word_1_9' title='bbox 682 364 779 447; x_wconf 77' lang='grc' dir='ltr'><em>σφῶν</em></span> <span class='ocrx_word' id='word_1_10' title='bbox 797 357 864 447; x_wconf 80' lang='grc' dir='ltr'><em>ἅμα</em></span> <span class='ocrx_word' id='word_1_11' title='bbox 878 358 940 446; x_wconf 77' lang='grc' dir='ltr'><em>μὲν</em></span> <span class='ocrx_word' id='word_1_12' title='bbox 957 357 1076 448; x_wconf 85' lang='grc' dir='ltr'><em>χάρακι</em></span> 
     </span>
     <span class='ocr_line' id='line_1_3' title="bbox 112 457 1075 550; baseline -0.003 -20"><span class='ocrx_word' id='word_1_13' title='bbox 112 465 257 550; x_wconf 77' lang='grc' dir='ltr'><em>ἐχρῶντο</em></span> <span class='ocrx_word' id='word_1_14' title='bbox 276 473 350 540; x_wconf 85' lang='grc' dir='ltr'><em>ταῖς</em></span> <span class='ocrx_word' id='word_1_15' title='bbox 365 457 503 547; x_wconf 86' lang='grc' dir='ltr'><em>άμάξαις</em></span> <span class='ocrx_word' id='word_1_16' title='bbox 518 465 565 540; x_wconf 89' lang='grc' dir='ltr'><em>είς</em></span> <span class='ocrx_word' id='word_1_17' title='bbox 578 458 615 529; x_wconf 90' lang='grc' dir='ltr'><em>τδ</em></span> <span class='ocrx_word' id='word_1_18' title='bbox 630 457 862 548; x_wconf 77' lang='grc' dir='ltr'><em>ἀπομάχεσθαι</em></span> <span class='ocrx_word' id='word_1_19' title='bbox 875 457 932 528; x_wconf 88' lang='grc' dir='ltr'><em>άπ’</em></span> <span class='ocrx_word' id='word_1_20' title='bbox 949 458 1075 543; x_wconf 75' lang='grc' dir='ltr'><em>αὐτῶν,</em></span> 
     </span>
     <span class='ocr_line' id='line_1_4' title="bbox 112 557 1076 654; baseline -0.003 -23"><span class='ocrx_word' id='word_1_21' title='bbox 112 568 143 632; x_wconf 89' lang='grc' dir='ltr'><em>εί</em></span> <span class='ocrx_word' id='word_1_22' title='bbox 158 561 337 649; x_wconf 79' lang='grc' dir='ltr'><em>βιάζοιντο·</em></span> <span class='ocrx_word' id='word_1_23' title='bbox 357 559 425 648; x_wconf 80' lang='grc' dir='ltr'><em>ἅμα</em></span> <span class='ocrx_word' id='word_1_24' title='bbox 444 560 481 629; x_wconf 73' lang='grc' dir='ltr'><em>δέ</em></span> <span class='ocrx_word' id='word_1_25' title='bbox 501 563 537 629; x_wconf 86' lang='grc' dir='ltr'><em>έν</em></span> <span class='ocrx_word' id='word_1_26' title='bbox 555 567 606 654; x_wconf 78' lang='grc' dir='ltr'><em>νῷ</em></span> <span class='ocrx_word' id='word_1_27' title='bbox 625 559 716 649; x_wconf 79' lang='grc' dir='ltr'><em>εἶχον</em></span> <span class='ocrx_word' id='word_1_28' title='bbox 732 561 905 650; x_wconf 76' lang='grc' dir='ltr'><em>ἐπαφιέναι</em></span> <span class='ocrx_word' id='word_1_29' title='bbox 923 557 1076 629; x_wconf 87' lang='grc' dir='ltr'><em>άνιούσιν</em></span> 
     </span>
    </p>
   </div>
   <div class='ocr_carea' id='block_1_3' title="bbox 34 656 1260 3644">
    <p class='ocr_par' dir='ltr' id='par_1_3' title="bbox 34 656 1260 3644">
     <span class='ocr_line' id='line_1_5' title="bbox 112 656 1076 757; baseline -0.001 -27"><span class='ocrx_word' id='word_1_30' title='bbox 112 656 135 752; x_wconf 77' lang='grc' dir='ltr'><em>ᾗ</em></span> <span class='ocrx_word' id='word_1_31' title='bbox 160 659 420 750; x_wconf 75' lang='grc' dir='ltr'><em>ἀποτομώτατον</em></span> <span class='ocrx_word' id='word_1_32' title='bbox 442 667 504 730; x_wconf 80' lang='grc' dir='ltr'><em>τοῦ</em></span> <span class='ocrx_word' id='word_1_33' title='bbox 528 657 629 757; x_wconf 80' lang='grc' dir='ltr'><em>ὅρους</em></span> <span class='ocrx_word' id='word_1_34' title='bbox 655 663 709 730; x_wconf 82' lang='grc' dir='ltr'><em>ἐπὶ</em></span> <span class='ocrx_word' id='word_1_35' title='bbox 734 661 798 750; x_wconf 78' lang='grc' dir='ltr'><em>τήν</em></span> <span class='ocrx_word' id='word_1_36' title='bbox 824 662 981 751; x_wconf 87' lang='grc' dir='ltr'><em>φάλαγγα</em></span> <span class='ocrx_word' id='word_1_37' title='bbox 1007 666 1076 729; x_wconf 78' lang='grc' dir='ltr'><em>τεόν</em></span> 
     </span>
     <span class='ocr_line' id='line_1_6' title="bbox 89 759 1078 852; baseline 0.001 -24"><span class='ocrx_word' id='word_1_38' title='bbox 89 762 326 833; x_wconf 85' lang='grc' dir='ltr'><em>εΜακεδόνων</em></span> <span class='ocrx_word' id='word_1_39' title='bbox 349 760 409 843; x_wconf 83' lang='grc' dir='ltr'><em>τάς</em></span> <span class='ocrx_word' id='word_1_40' title='bbox 433 759 570 851; x_wconf 78' lang='grc' dir='ltr'><em>ἁμάξας.</em></span> <span class='ocrx_word' id='word_1_41' title='bbox 605 762 744 852; x_wconf 85' lang='grc' dir='ltr'><em>γνιόμην</em></span> <span class='ocrx_word' id='word_1_42' title='bbox 768 763 1009 850; x_wconf 72' lang='grc' dir='ltr'><em>δὲπεποίηντο</em></span> <span class='ocrx_word' id='word_1_43' title='bbox 1027 760 1078 830; x_wconf 84' lang='grc' dir='ltr'><em>ότι</em></span> 
     </span>
     <span class='ocr_line' id='line_1_7' title="bbox 113 859 1077 955; baseline -0.001 -23"><span class='ocrx_word' id='word_1_44' title='bbox 113 859 181 955; x_wconf 84' lang='grc' dir='ltr'><em>όσφ</em></span> <span class='ocrx_word' id='word_1_45' title='bbox 213 863 404 954; x_wconf 80' lang='grc' dir='ltr'><em>πυκνοτέρᾳ</em></span> <span class='ocrx_word' id='word_1_46' title='bbox 438 869 480 953; x_wconf 83' lang='grc' dir='ltr'><em>τῇ</em></span> <span class='ocrx_word' id='word_1_47' title='bbox 515 863 663 952; x_wconf 80' lang='grc' dir='ltr'><em>φάλαγγι</em></span> <span class='ocrx_word' id='word_1_48' title='bbox 691 863 958 953; x_wconf 77' lang='grc' dir='ltr'><em>καταφερόμεναι</em></span> <span class='ocrx_word' id='word_1_49' title='bbox 989 883 1077 951; x_wconf 82' lang='grc' dir='ltr'><em>συμ-</em></span> 
     </span>
     <span class='ocr_line' id='line_1_8' title="bbox 114 963 1258 1062; baseline -0.002 -29"><span class='ocrx_word' id='word_1_50' title='bbox 114 968 267 1052; x_wconf 88' lang='grc' dir='ltr'><em>μίξουσιυ</em></span> <span class='ocrx_word' id='word_1_51' title='bbox 279 969 317 1032; x_wconf 90' lang='grc' dir='ltr'><em>αί</em></span> <span class='ocrx_word' id='word_1_52' title='bbox 327 963 459 1053; x_wconf 77' lang='grc' dir='ltr'><em>ἅμαξαι,</em></span> <span class='ocrx_word' id='word_1_53' title='bbox 474 969 602 1059; x_wconf 76' lang='grc' dir='ltr'><em>τοσῷδε</em></span> <span class='ocrx_word' id='word_1_54' title='bbox 614 965 743 1054; x_wconf 81' lang='grc' dir='ltr'><em>μᾶλλόν</em></span> <span class='ocrx_word' id='word_1_55' title='bbox 756 993 786 1034; x_wconf 89' lang='grc' dir='ltr'><em>τι</em></span> <span class='ocrx_word' id='word_1_56' title='bbox 800 963 1078 1034; x_wconf 60' lang='grc' dir='ltr'><em>διασκεδάσουσιν</em></span> <span class='ocrx_word' id='word_1_57' title='bbox 1256 1039 1258 1062; x_wconf 50' lang='grc'><em>,</em></span> 
     </span>
     <span class='ocr_line' id='line_1_9' title="bbox 115 1063 1259 1156; baseline 0 -22"><span class='ocrx_word' id='word_1_58' title='bbox 115 1063 223 1152; x_wconf 76' lang='grc' dir='ltr'><em>αύτὴν</em></span> <span class='ocrx_word' id='word_1_59' title='bbox 240 1072 299 1156; x_wconf 82' lang='grc' dir='ltr'><em>βίᾳ</em></span> <span class='ocrx_word' id='word_1_60' title='bbox 317 1069 528 1154; x_wconf 82' lang='grc' dir='ltr'><em>ἐμπεσοῦσαι.</em></span> <span class='ocrx_word' id='word_1_61' title='bbox 1257 1072 1259 1120; x_wconf 61' lang='grc' dir='ltr'><em>λ</em></span> 
     </span>
     <span class='ocr_line' id='line_1_10' title="bbox 187 1150 1260 1258; baseline -0.004 -22"><span class='ocrx_word' id='word_1_62' title='bbox 187 1163 397 1258; x_wconf 82' lang='grc' dir='ltr'><em>Ἀλεξάνδρῳ</em></span> <span class='ocrx_word' id='word_1_63' title='bbox 412 1166 450 1235; x_wconf 72' lang='grc' dir='ltr'><em>δὲ</em></span> <span class='ocrx_word' id='word_1_64' title='bbox 463 1166 570 1254; x_wconf 74' lang='grc' dir='ltr'><em>βουλὴ</em></span> <span class='ocrx_word' id='word_1_65' title='bbox 583 1173 732 1254; x_wconf 90' lang='grc' dir='ltr'><em>γίγνεται</em></span> <span class='ocrx_word' id='word_1_66' title='bbox 745 1167 835 1248; x_wconf 83' lang='grc' dir='ltr'><em>ὅπως</em></span> <span class='ocrx_word' id='word_1_67' title='bbox 845 1164 1078 1256; x_wconf 86' lang='grc' dir='ltr'><em>ἀσφαλέστατα</em></span> <span class='ocrx_word' id='word_1_68' title='bbox 1111 1177 1128 1226; x_wconf 88' lang='lat'><em>8</em></span> <span class='ocrx_word' id='word_1_69' title='bbox 1259 1150 1260 1184; x_wconf 48' lang='lat' dir='ltr'>w</span> 
     </span>
     <span class='ocr_line' id='line_1_11' title="bbox 81 1259 1078 1356; baseline 0.003 -25"><span class='ocrx_word' id='word_1_70' title='bbox 81 1293 103 1332; x_wconf 86' lang='grc' dir='ltr'><em>ιο</em></span> <span class='ocrx_word' id='word_1_71' title='bbox 115 1259 302 1356; x_wconf 73' lang='grc' dir='ltr'><em>ὑπερβαλεῖ</em></span> <span class='ocrx_word' id='word_1_72' title='bbox 313 1266 350 1337; x_wconf 85' lang='grc' dir='ltr'><em>τό</em></span> <span class='ocrx_word' id='word_1_73' title='bbox 365 1265 459 1353; x_wconf 86' lang='grc' dir='ltr'><em>ὅρος·</em></span> <span class='ocrx_word' id='word_1_74' title='bbox 475 1269 531 1337; x_wconf 80' lang='grc' dir='ltr'><em>καὶ</em></span> <span class='ocrx_word' id='word_1_75' title='bbox 546 1267 658 1354; x_wconf 79' lang='grc' dir='ltr'><em>ἐπειδὴ</em></span> <span class='ocrx_word' id='word_1_76' title='bbox 675 1267 782 1336; x_wconf 84' lang='grc' dir='ltr'><em>ἐδόκει</em></span> <span class='ocrx_word' id='word_1_77' title='bbox 792 1269 1078 1354; x_wconf 79' lang='grc' dir='ltr'><em>διακινδυνευτέα,</em></span> 
     </span>
     <span class='ocr_line' id='line_1_12' title="bbox 115 1365 1078 1458; baseline -0.001 -22"><span class='ocrx_word' id='word_1_78' title='bbox 115 1365 154 1437; x_wconf 89' lang='grc' dir='ltr'><em>ού</em></span> <span class='ocrx_word' id='word_1_79' title='bbox 182 1367 246 1457; x_wconf 84' lang='grc' dir='ltr'><em>γάρ</em></span> <span class='ocrx_word' id='word_1_80' title='bbox 272 1366 358 1438; x_wconf 81' lang='grc' dir='ltr'><em>εἶναι</em></span> <span class='ocrx_word' id='word_1_81' title='bbox 381 1366 466 1458; x_wconf 83' lang='grc' dir='ltr'><em>άλλῃ</em></span> <span class='ocrx_word' id='word_1_82' title='bbox 490 1367 553 1456; x_wconf 79' lang='grc' dir='ltr'><em>τὴν</em></span> <span class='ocrx_word' id='word_1_83' title='bbox 576 1367 743 1458; x_wconf 87' lang='grc' dir='ltr'><em>πάροδον,</em></span> <span class='ocrx_word' id='word_1_84' title='bbox 767 1369 990 1457; x_wconf 79' lang='grc' dir='ltr'><em>παραγγέλλει</em></span> <span class='ocrx_word' id='word_1_85' title='bbox 1009 1381 1078 1447; x_wconf 91' lang='grc' dir='ltr'><em>τοῖς</em></span> 
     </span>
     <span class='ocr_line' id='line_1_13' title="bbox 115 1463 1082 1558; baseline -0.004 -20"><span class='ocrx_word' id='word_1_86' title='bbox 115 1468 284 1554; x_wconf 84' lang='grc' dir='ltr'><em>ὁπλίταις,</em></span> <span class='ocrx_word' id='word_1_87' title='bbox 316 1463 417 1541; x_wconf 84' lang='grc' dir='ltr'><em>ὁπότε</em></span> <span class='ocrx_word' id='word_1_88' title='bbox 440 1469 681 1558; x_wconf 88' lang='grc' dir='ltr'><em>καταφέροιντο</em></span> <span class='ocrx_word' id='word_1_89' title='bbox 703 1468 786 1538; x_wconf 85' lang='grc' dir='ltr'><em>κατά</em></span> <span class='ocrx_word' id='word_1_90' title='bbox 809 1475 870 1539; x_wconf 84' lang='grc' dir='ltr'><em>τοῦ</em></span> <span class='ocrx_word' id='word_1_91' title='bbox 895 1467 1019 1558; x_wconf 85' lang='grc' dir='ltr'><em>ὀρθίου</em></span> <span class='ocrx_word' id='word_1_92' title='bbox 1044 1473 1082 1536; x_wconf 79' lang='grc' dir='ltr'><em>αῖ</em></span> 
     </span>
     <span class='ocr_line' id='line_1_14' title="bbox 117 1561 1080 1662; baseline -0.001 -24"><span class='ocrx_word' id='word_1_93' title='bbox 117 1569 238 1658; x_wconf 85' lang='grc' dir='ltr'><em>άμαξαι</em></span> <span class='ocrx_word' id='word_1_94' title='bbox 261 1569 352 1651; x_wconf 83' lang='grc' dir='ltr'><em>ὅσοις</em></span> <span class='ocrx_word' id='word_1_95' title='bbox 375 1569 439 1658; x_wconf 77' lang='grc' dir='ltr'><em>μὲν</em></span> <span class='ocrx_word' id='word_1_96' title='bbox 462 1567 542 1650; x_wconf 90' lang='grc' dir='ltr'><em>όδδς</em></span> <span class='ocrx_word' id='word_1_97' title='bbox 565 1579 704 1640; x_wconf 78' lang='grc' dir='ltr'><em>πλατεῖα</em></span> <span class='ocrx_word' id='word_1_98' title='bbox 722 1561 808 1640; x_wconf 87' lang='grc' dir='ltr'><em>ούσα</em></span> <span class='ocrx_word' id='word_1_99' title='bbox 826 1572 963 1662; x_wconf 84' lang='grc' dir='ltr'><em>παρέχοι</em></span> <span class='ocrx_word' id='word_1_100' title='bbox 980 1575 1080 1638; x_wconf 86' lang='grc' dir='ltr'><em>λύσαι</em></span> 
     </span>
     <span class='ocr_line' id='line_1_15' title="bbox 116 1666 1079 1760; baseline 0 -21"><span class='ocrx_word' id='word_1_101' title='bbox 116 1669 177 1759; x_wconf 79' lang='grc' dir='ltr'><em>τὴν</em></span> <span class='ocrx_word' id='word_1_102' title='bbox 199 1669 310 1760; x_wconf 84' lang='grc' dir='ltr'><em>τάξιν,</em></span> <span class='ocrx_word' id='word_1_103' title='bbox 340 1670 479 1752; x_wconf 78' lang='grc' dir='ltr'><em>τούτους</em></span> <span class='ocrx_word' id='word_1_104' title='bbox 504 1671 542 1741; x_wconf 73' lang='grc' dir='ltr'><em>δὲ</em></span> <span class='ocrx_word' id='word_1_105' title='bbox 566 1677 785 1760; x_wconf 80' lang='grc' dir='ltr'><em>διαχωρῆσαι,</em></span> <span class='ocrx_word' id='word_1_106' title='bbox 818 1669 861 1752; x_wconf 80' lang='grc' dir='ltr'><em>άς</em></span> <span class='ocrx_word' id='word_1_107' title='bbox 886 1669 930 1740; x_wconf 89' lang='grc' dir='ltr'><em>δι’</em></span> <span class='ocrx_word' id='word_1_108' title='bbox 964 1666 1079 1739; x_wconf 78' lang='grc' dir='ltr'><em>αύτσῑυ</em></span> 
     </span>
     <span class='ocr_line' id='line_1_16' title="bbox 83 1769 1130 1863; baseline 0 -23"><span class='ocrx_word' id='word_1_109' title='bbox 83 1796 105 1835; x_wconf 77' lang='lat'><em>1⁵</em></span> <span class='ocrx_word' id='word_1_110' title='bbox 121 1775 273 1840; x_wconf 80' lang='grc' dir='ltr'><em>ἐκπεσεῖν</em></span> <span class='ocrx_word' id='word_1_111' title='bbox 289 1771 348 1853; x_wconf 87' lang='grc' dir='ltr'><em>τάς</em></span> <span class='ocrx_word' id='word_1_112' title='bbox 367 1769 508 1861; x_wconf 78' lang='grc' dir='ltr'><em>ἁμάξας·</em></span> <span class='ocrx_word' id='word_1_113' title='bbox 534 1771 606 1842; x_wconf 81' lang='grc' dir='ltr'><em>ὅσοι</em></span> <span class='ocrx_word' id='word_1_114' title='bbox 629 1771 667 1841; x_wconf 70' lang='grc' dir='ltr'><em>δὲ</em></span> <span class='ocrx_word' id='word_1_115' title='bbox 684 1772 1078 1863; x_wconf 85' lang='grc' dir='ltr'><em>περικαταλαμβάνοιντο,</em></span> <span class='ocrx_word' id='word_1_116' title='bbox 1113 1785 1130 1833; x_wconf 80' lang='grc'><strong>9</strong></span> 
     </span>
     <span class='ocr_line' id='line_1_17' title="bbox 118 1871 1076 1960; baseline -0.001 -19"><span class='ocrx_word' id='word_1_117' title='bbox 118 1871 381 1959; x_wconf 81' lang='grc' dir='ltr'><em>ξυννεύσαντας,</em></span> <span class='ocrx_word' id='word_1_118' title='bbox 412 1872 492 1954; x_wconf 88' lang='grc' dir='ltr'><em>τούς</em></span> <span class='ocrx_word' id='word_1_119' title='bbox 519 1873 556 1942; x_wconf 72' lang='grc' dir='ltr'><em>δὲ</em></span> <span class='ocrx_word' id='word_1_120' title='bbox 579 1873 636 1942; x_wconf 85' lang='grc' dir='ltr'><em>καὶ</em></span> <span class='ocrx_word' id='word_1_121' title='bbox 660 1872 826 1954; x_wconf 89' lang='grc' dir='ltr'><em>πεσόντας</em></span> <span class='ocrx_word' id='word_1_122' title='bbox 850 1875 883 1953; x_wconf 79' lang='grc' dir='ltr'><em>ἐς</em></span> <span class='ocrx_word' id='word_1_123' title='bbox 905 1879 970 1960; x_wconf 82' lang='grc' dir='ltr'><em>γῆν</em></span> <span class='ocrx_word' id='word_1_124' title='bbox 995 1893 1076 1958; x_wconf 88' lang='grc' dir='ltr'><em>συγ-</em></span> 
     </span>
     <span class='ocr_line' id='line_1_18' title="bbox 118 1970 1081 2064; baseline 0 -22"><span class='ocrx_word' id='word_1_125' title='bbox 118 1982 249 2044; x_wconf 81' lang='grc' dir='ltr'><em>κλεῖσαι</em></span> <span class='ocrx_word' id='word_1_126' title='bbox 274 1976 307 2054; x_wconf 85' lang='grc' dir='ltr'><em>ἐς</em></span> <span class='ocrx_word' id='word_1_127' title='bbox 332 1971 464 2064; x_wconf 76' lang='grc' dir='ltr'><em>άκριβδς</em></span> <span class='ocrx_word' id='word_1_128' title='bbox 487 1973 545 2054; x_wconf 84' lang='grc' dir='ltr'><em>τάς</em></span> <span class='ocrx_word' id='word_1_129' title='bbox 572 1972 736 2060; x_wconf 87' lang='grc' dir='ltr'><em>άσπίδας,</em></span> <span class='ocrx_word' id='word_1_130' title='bbox 766 1979 828 2043; x_wconf 88' lang='grc' dir='ltr'><em>τού</em></span> <span class='ocrx_word' id='word_1_131' title='bbox 860 1971 933 2042; x_wconf 88' lang='grc' dir='ltr'><em>κατ’</em></span> <span class='ocrx_word' id='word_1_132' title='bbox 967 1970 1081 2042; x_wconf 81' lang='grc' dir='ltr'><em>αύτῶν</em></span> 
     </span>
     <span class='ocr_line' id='line_1_19' title="bbox 119 2069 1080 2164; baseline -0.001 -20"><span class='ocrx_word' id='word_1_133' title='bbox 119 2075 305 2164; x_wconf 87' lang='grc' dir='ltr'><em>φερομένας</em></span> <span class='ocrx_word' id='word_1_134' title='bbox 328 2073 387 2154; x_wconf 83' lang='grc' dir='ltr'><em>τάς</em></span> <span class='ocrx_word' id='word_1_135' title='bbox 411 2069 539 2162; x_wconf 86' lang='grc' dir='ltr'><em>άμάξας</em></span> <span class='ocrx_word' id='word_1_136' title='bbox 562 2075 617 2144; x_wconf 82' lang='grc' dir='ltr'><em>καί</em></span> <span class='ocrx_word' id='word_1_137' title='bbox 641 2079 684 2164; x_wconf 80' lang='grc' dir='ltr'><em>τῇ</em></span> <span class='ocrx_word' id='word_1_138' title='bbox 708 2073 797 2164; x_wconf 78' lang='grc' dir='ltr'><em>ῥύμῃ</em></span> <span class='ocrx_word' id='word_1_139' title='bbox 819 2073 904 2143; x_wconf 84' lang='grc' dir='ltr'><em>κατά</em></span> <span class='ocrx_word' id='word_1_140' title='bbox 927 2075 965 2143; x_wconf 89' lang='grc' dir='ltr'><em>τδ</em></span> <span class='ocrx_word' id='word_1_141' title='bbox 991 2072 1080 2155; x_wconf 89' lang='grc' dir='ltr'><em>είκδς</em></span> 
     </span>
     <span class='ocr_line' id='line_1_20' title="bbox 119 2169 1081 2264; baseline -0.001 -20"><span class='ocrx_word' id='word_1_142' title='bbox 119 2169 365 2264; x_wconf 84' lang='grc' dir='ltr'><em>ύπερπηδύσας</em></span> <span class='ocrx_word' id='word_1_143' title='bbox 390 2173 545 2262; x_wconf 80' lang='grc' dir='ltr'><em>άβλαβύς</em></span> <span class='ocrx_word' id='word_1_144' title='bbox 571 2178 737 2245; x_wconf 81' lang='grc' dir='ltr'><em>ἐπελθεῖν.</em></span> <span class='ocrx_word' id='word_1_145' title='bbox 767 2176 824 2244; x_wconf 81' lang='grc' dir='ltr'><em>καὶ</em></span> <span class='ocrx_word' id='word_1_146' title='bbox 848 2175 936 2244; x_wconf 82' lang='grc' dir='ltr'><em>οὕτω</em></span> <span class='ocrx_word' id='word_1_147' title='bbox 958 2177 1081 2262; x_wconf 81' lang='grc' dir='ltr'><em>ξυνέβη</em></span> 
     </span>
     <span class='ocr_line' id='line_1_21' title="bbox 85 2272 1132 2364; baseline -0.003 -19"><span class='ocrx_word' id='word_1_148' title='bbox 85 2298 108 2338; x_wconf 73' lang='lat'><em>2⁰</em></span> <span class='ocrx_word' id='word_1_149' title='bbox 120 2275 209 2356; x_wconf 79' lang='grc' dir='ltr'><em>ὅπως</em></span> <span class='ocrx_word' id='word_1_150' title='bbox 228 2275 400 2364; x_wconf 80' lang='grc' dir='ltr'><em>παρῄνεσέ</em></span> <span class='ocrx_word' id='word_1_151' title='bbox 419 2303 455 2344; x_wconf 92' lang='grc' dir='ltr'><em>τε</em></span> <span class='ocrx_word' id='word_1_152' title='bbox 475 2272 693 2364; x_wconf 86' lang='grc' dir='ltr'><em>Ἀλέξανδρος</em></span> <span class='ocrx_word' id='word_1_153' title='bbox 717 2277 773 2344; x_wconf 84' lang='grc' dir='ltr'><em>καλ</em></span> <span class='ocrx_word' id='word_1_154' title='bbox 791 2287 933 2346; x_wconf 87' lang='grc' dir='ltr'><em>είκασεν.</em></span> <span class='ocrx_word' id='word_1_155' title='bbox 969 2282 1004 2346; x_wconf 77' lang='lat' dir='ltr'><em>oc</em></span> <span class='ocrx_word' id='word_1_156' title='bbox 1019 2277 1081 2364; x_wconf 74' lang='grc' dir='ltr'><em>μὲν</em></span> <span class='ocrx_word' id='word_1_157' title='bbox 1100 2292 1132 2342; x_wconf 86' lang='lat'><em>10</em></span> 
     </span>
     <span class='ocr_line' id='line_1_22' title="bbox 120 2374 1082 2466; baseline 0.002 -22"><span class='ocrx_word' id='word_1_158' title='bbox 120 2375 184 2466; x_wconf 85' lang='grc' dir='ltr'><em>γάρ</em></span> <span class='ocrx_word' id='word_1_159' title='bbox 203 2377 338 2464; x_wconf 86' lang='grc' dir='ltr'><em>διέσχον</em></span> <span class='ocrx_word' id='word_1_160' title='bbox 355 2375 418 2464; x_wconf 74' lang='grc' dir='ltr'><em>τήν</em></span> <span class='ocrx_word' id='word_1_161' title='bbox 436 2375 611 2464; x_wconf 88' lang='grc' dir='ltr'><em>φάλαγγα,</em></span> <span class='ocrx_word' id='word_1_162' title='bbox 630 2381 667 2445; x_wconf 91' lang='grc' dir='ltr'><em>αί</em></span> <span class='ocrx_word' id='word_1_163' title='bbox 683 2377 721 2446; x_wconf 72' lang='grc' dir='ltr'><em>δὲ</em></span> <span class='ocrx_word' id='word_1_164' title='bbox 738 2375 825 2465; x_wconf 74' lang='grc' dir='ltr'><em>ύπδρ</em></span> <span class='ocrx_word' id='word_1_165' title='bbox 842 2374 1082 2446; x_wconf 79' lang='grc' dir='ltr'><em>τάν-ἀσπίδων</em></span> 
     </span>
     <span class='ocr_line' id='line_1_23' title="bbox 122 2474 1082 2564; baseline 0 -19"><span class='ocrx_word' id='word_1_166' title='bbox 122 2481 387 2546; x_wconf 80' lang='grc' dir='ltr'><em>ἐπικυλισθεῖσαι</em></span> <span class='ocrx_word' id='word_1_167' title='bbox 414 2474 513 2564; x_wconf 84' lang='grc' dir='ltr'><em>ὀλίγα</em></span> <span class='ocrx_word' id='word_1_168' title='bbox 538 2483 703 2564; x_wconf 77' lang='grc' dir='ltr'><em>ἔβλαψαν·</em></span> <span class='ocrx_word' id='word_1_169' title='bbox 729 2475 883 2549; x_wconf 85' lang='grc' dir='ltr'><em>άπέθανε</em></span> <span class='ocrx_word' id='word_1_170' title='bbox 906 2477 944 2554; x_wconf 70' lang='grc' dir='ltr'><em>δὲ</em></span> <span class='ocrx_word' id='word_1_171' title='bbox 967 2475 1082 2557; x_wconf 84' lang='grc' dir='ltr'><em>ούδείς</em></span> 
     </span>
     <span class='ocr_line' id='line_1_24' title="bbox 120 2575 1082 2676; baseline -0.002 -27"><span class='ocrx_word' id='word_1_172' title='bbox 120 2576 186 2648; x_wconf 88' lang='grc' dir='ltr'><em>ύπό</em></span> <span class='ocrx_word' id='word_1_173' title='bbox 200 2593 274 2659; x_wconf 91' lang='grc' dir='ltr'><em>ταῖς</em></span> <span class='ocrx_word' id='word_1_174' title='bbox 291 2575 440 2676; x_wconf 79' lang='grc' dir='ltr'><em>ἁμάξαις.</em></span> <span class='ocrx_word' id='word_1_175' title='bbox 471 2585 556 2648; x_wconf 84' lang='grc' dir='ltr'><em>ἔνθα</em></span> <span class='ocrx_word' id='word_1_176' title='bbox 570 2577 611 2667; x_wconf 72' lang='grc' dir='ltr'><em>δὴ</em></span> <span class='ocrx_word' id='word_1_177' title='bbox 630 2585 665 2648; x_wconf 87' lang='grc' dir='ltr'><em>οί</em></span> <span class='ocrx_word' id='word_1_178' title='bbox 676 2578 871 2660; x_wconf 87' lang='grc' dir='ltr'><em>Μακεδόνες</em></span> <span class='ocrx_word' id='word_1_179' title='bbox 884 2579 1082 2668; x_wconf 82' lang='grc' dir='ltr'><em>θαρσήσαν-</em></span> 
     </span>
     <span class='ocr_line' id='line_1_25' title="bbox 121 2677 1087 2768; baseline 0 -20"><span class='ocrx_word' id='word_1_180' title='bbox 121 2707 190 2766; x_wconf 89' lang='grc' dir='ltr'><em>τες,</em></span> <span class='ocrx_word' id='word_1_181' title='bbox 215 2679 266 2748; x_wconf 87' lang='grc' dir='ltr'><em>ότι</em></span> <span class='ocrx_word' id='word_1_182' title='bbox 283 2677 441 2767; x_wconf 85' lang='grc' dir='ltr'><em>άβλαβεῖς</em></span> <span class='ocrx_word' id='word_1_183' title='bbox 459 2677 593 2766; x_wconf 80' lang='grc' dir='ltr'><em>αὐτοῖς,</em></span> <span class='ocrx_word' id='word_1_184' title='bbox 618 2677 657 2760; x_wconf 80' lang='grc' dir='ltr'><em>δς</em></span> <span class='ocrx_word' id='word_1_185' title='bbox 675 2679 815 2768; x_wconf 91' lang='grc' dir='ltr'><em>μάλιστα</em></span> <span class='ocrx_word' id='word_1_186' title='bbox 834 2682 1022 2767; x_wconf 81' lang='grc' dir='ltr'><em>ἐδεδίεσαν,</em></span> <span class='ocrx_word' id='word_1_187' title='bbox 1048 2685 1087 2748; x_wconf 85' lang='grc' dir='ltr'><em>αί</em></span> 
     </span>
     <span class='ocr_line' id='line_1_26' title="bbox 88 2777 1081 2870; baseline 0 -22"><span class='ocrx_word' id='word_1_188' title='bbox 88 2803 110 2844; x_wconf 75' lang='lat'><em>25</em></span> <span class='ocrx_word' id='word_1_189' title='bbox 122 2780 241 2868; x_wconf 78' lang='grc' dir='ltr'><em>ἅμαξαι</em></span> <span class='ocrx_word' id='word_1_190' title='bbox 259 2777 426 2866; x_wconf 75' lang='grc' dir='ltr'><em>ἐγένοντο,</em></span> <span class='ocrx_word' id='word_1_191' title='bbox 445 2778 510 2849; x_wconf 90' lang='grc' dir='ltr'><em>σύν</em></span> <span class='ocrx_word' id='word_1_192' title='bbox 527 2783 593 2870; x_wconf 73' lang='grc' dir='ltr'><em>βοῇ</em></span> <span class='ocrx_word' id='word_1_193' title='bbox 612 2783 644 2860; x_wconf 85' lang='grc' dir='ltr'><em>ές</em></span> <span class='ocrx_word' id='word_1_194' title='bbox 661 2779 741 2862; x_wconf 89' lang='grc' dir='ltr'><em>τούς</em></span> <span class='ocrx_word' id='word_1_195' title='bbox 757 2786 893 2870; x_wconf 79' lang='grc' dir='ltr'><em>Θρᾷκας</em></span> <span class='ocrx_word' id='word_1_196' title='bbox 912 2778 1081 2868; x_wconf 89' lang='grc' dir='ltr'><em>ε’νέβαλου.</em></span> 
     </span>
     <span class='ocr_line' id='line_1_27' title="bbox 120 2876 1132 2970; baseline -0.002 -20"><span class='ocrx_word' id='word_1_197' title='bbox 120 2879 336 2970; x_wconf 77' lang='grc' dir='ltr'><em>Ἀλέξανδρος</em></span> <span class='ocrx_word' id='word_1_198' title='bbox 368 2880 405 2950; x_wconf 73' lang='grc' dir='ltr'><em>δὲ</em></span> <span class='ocrx_word' id='word_1_199' title='bbox 429 2879 508 2962; x_wconf 89' lang='grc' dir='ltr'><em>τούς</em></span> <span class='ocrx_word' id='word_1_200' title='bbox 538 2879 674 2963; x_wconf 82' lang='grc' dir='ltr'><em>τοξότας</em></span> <span class='ocrx_word' id='word_1_201' title='bbox 704 2880 766 2968; x_wconf 72' lang='grc' dir='ltr'><em>μὲν</em></span> <span class='ocrx_word' id='word_1_202' title='bbox 790 2876 856 2953; x_wconf 85' lang='grc' dir='ltr'><em>άπὸ</em></span> <span class='ocrx_word' id='word_1_203' title='bbox 881 2887 939 2950; x_wconf 82' lang='grc' dir='ltr'><em>τοῦ</em></span> <span class='ocrx_word' id='word_1_204' title='bbox 971 2883 1082 2962; x_wconf 83' lang='grc' dir='ltr'><em>δεξιοῦ</em></span> <span class='ocrx_word' id='word_1_205' title='bbox 1102 2899 1132 2948; x_wconf 86' lang='lat'><em>11</em></span> 
     </span>
     <span class='ocr_line' id='line_1_28' title="bbox 121 2978 1082 3071; baseline 0.001 -21"><span class='ocrx_word' id='word_1_206' title='bbox 121 2983 225 3068; x_wconf 83' lang='grc' dir='ltr'><em>κέρως</em></span> <span class='ocrx_word' id='word_1_207' title='bbox 250 2979 399 3069; x_wconf 76' lang='grc' dir='ltr'><em>πρὸτῆς</em></span> <span class='ocrx_word' id='word_1_208' title='bbox 426 2980 528 3070; x_wconf 83' lang='grc' dir='ltr'><em>άλλης</em></span> <span class='ocrx_word' id='word_1_209' title='bbox 553 2981 744 3070; x_wconf 85' lang='grc' dir='ltr'><em>φάλαγγος,</em></span> <span class='ocrx_word' id='word_1_210' title='bbox 772 2979 823 3050; x_wconf 84' lang='grc' dir='ltr'><em>ὅτι</em></span> <span class='ocrx_word' id='word_1_211' title='bbox 847 2980 952 3071; x_wconf 77' lang='grc' dir='ltr'><em>ταύτῃ</em></span> <span class='ocrx_word' id='word_1_212' title='bbox 978 2978 1082 3051; x_wconf 88' lang='grc' dir='ltr'><em>εύπο-</em></span> 
     </span>
     <span class='ocr_line' id='line_1_29' title="bbox 123 3074 1083 3170; baseline 0.002 -20"><span class='ocrx_word' id='word_1_213' title='bbox 123 3081 249 3170; x_wconf 83' lang='grc' dir='ltr'><em>ρύτερα</em></span> <span class='ocrx_word' id='word_1_214' title='bbox 266 3074 328 3169; x_wconf 79' lang='grc' dir='ltr'><em>ἦν,</em></span> <span class='ocrx_word' id='word_1_215' title='bbox 354 3079 469 3152; x_wconf 82' lang='grc' dir='ltr'><em>ἐλθεῖν</em></span> <span class='ocrx_word' id='word_1_216' title='bbox 488 3079 645 3152; x_wconf 76' lang='grc' dir='ltr'><em>ἐκέλευσε</em></span> <span class='ocrx_word' id='word_1_217' title='bbox 668 3083 724 3151; x_wconf 79' lang='grc' dir='ltr'><em>καί</em></span> <span class='ocrx_word' id='word_1_218' title='bbox 746 3078 935 3170; x_wconf 70' lang='grc' dir='ltr'><em>ἐκτοξεύειν</em></span> <span class='ocrx_word' id='word_1_219' title='bbox 954 3085 986 3163; x_wconf 86' lang='grc' dir='ltr'><em>ἐς</em></span> <span class='ocrx_word' id='word_1_220' title='bbox 1003 3081 1083 3163; x_wconf 90' lang='grc' dir='ltr'><em>τούς</em></span> 
     </span>
     <span class='ocr_line' id='line_1_30' title="bbox 124 3178 1083 3273; baseline 0 -21"><span class='ocrx_word' id='word_1_221' title='bbox 124 3188 257 3273; x_wconf 80' lang='grc' dir='ltr'><em>Θρᾷκας</em></span> <span class='ocrx_word' id='word_1_222' title='bbox 281 3181 347 3269; x_wconf 82' lang='grc' dir='ltr'><em>ὅπη</em></span> <span class='ocrx_word' id='word_1_223' title='bbox 370 3183 627 3273; x_wconf 86' lang='grc' dir='ltr'><em>προσφέροιντο·</em></span> <span class='ocrx_word' id='word_1_224' title='bbox 655 3180 756 3262; x_wconf 90' lang='grc' dir='ltr'><em>αύτδς</em></span> <span class='ocrx_word' id='word_1_225' title='bbox 782 3183 820 3252; x_wconf 72' lang='grc' dir='ltr'><em>δὲ</em></span> <span class='ocrx_word' id='word_1_226' title='bbox 843 3178 1023 3270; x_wconf 81' lang='grc' dir='ltr'><em>άναλαβάν</em></span> <span class='ocrx_word' id='word_1_227' title='bbox 1044 3183 1083 3252; x_wconf 89' lang='grc' dir='ltr'><em>τδ</em></span> 
     </span>
     <span class='ocr_line' id='line_1_31' title="bbox 92 3281 1083 3374; baseline 0.005 -28"><span class='ocrx_word' id='word_1_228' title='bbox 92 3303 114 3346; x_wconf 77' lang='grc' dir='ltr'><em>ιο</em></span> <span class='ocrx_word' id='word_1_229' title='bbox 124 3282 234 3372; x_wconf 80' lang='grc' dir='ltr'><em>ἄγημα</em></span> <span class='ocrx_word' id='word_1_230' title='bbox 252 3283 308 3351; x_wconf 81' lang='grc' dir='ltr'><em>καὶ</em></span> <span class='ocrx_word' id='word_1_231' title='bbox 326 3282 405 3362; x_wconf 86' lang='grc' dir='ltr'><em>τούς</em></span> <span class='ocrx_word' id='word_1_232' title='bbox 417 3281 627 3364; x_wconf 82' lang='grc' dir='ltr'><em>ὑπασπιστάς</em></span> <span class='ocrx_word' id='word_1_233' title='bbox 642 3285 698 3353; x_wconf 79' lang='grc' dir='ltr'><em>καὶ</em></span> <span class='ocrx_word' id='word_1_234' title='bbox 711 3282 792 3364; x_wconf 88' lang='grc' dir='ltr'><em>τούς</em></span> <span class='ocrx_word' id='word_1_235' title='bbox 805 3281 982 3374; x_wconf 80' lang='grc' dir='ltr'><em>Ἀγριᾶνας</em></span> <span class='ocrx_word' id='word_1_236' title='bbox 1000 3284 1083 3352; x_wconf 84' lang='grc' dir='ltr'><em>κατά</em></span> 
     </span>
     <span class='ocr_line' id='line_1_32' title="bbox 34 3375 1133 3473; baseline -0.002 -19"><span class='ocrx_word' id='word_1_237' title='bbox 34 3443 35 3447; x_wconf 65' lang='lat'>,</span> <span class='ocrx_word' id='word_1_238' title='bbox 124 3382 159 3454; x_wconf 89' lang='grc' dir='ltr'><em>τδ</em></span> <span class='ocrx_word' id='word_1_239' title='bbox 185 3381 362 3473; x_wconf 85' lang='grc' dir='ltr'><em>εύύυυμον</em></span> <span class='ocrx_word' id='word_1_240' title='bbox 385 3375 477 3472; x_wconf 79' lang='grc' dir='ltr'><em>ἦγεν.</em></span> <span class='ocrx_word' id='word_1_241' title='bbox 527 3391 612 3454; x_wconf 84' lang='grc' dir='ltr'><em>ἔνθα</em></span> <span class='ocrx_word' id='word_1_242' title='bbox 635 3384 675 3472; x_wconf 75' lang='grc' dir='ltr'><em>δὴ</em></span> <span class='ocrx_word' id='word_1_243' title='bbox 700 3389 735 3453; x_wconf 92' lang='grc' dir='ltr'><em>οί</em></span> <span class='ocrx_word' id='word_1_244' title='bbox 754 3384 882 3466; x_wconf 83' lang='grc' dir='ltr'><em>τοξόται</em></span> <span class='ocrx_word' id='word_1_245' title='bbox 904 3384 1083 3472; x_wconf 88' lang='grc' dir='ltr'><em>βάλλοντες</em></span> <span class='ocrx_word' id='word_1_246' title='bbox 1103 3395 1133 3445; x_wconf 74' lang='lat'><em>12</em></span> 
     </span>
     <span class='ocr_line' id='line_1_33' title="bbox 124 3479 1083 3577; baseline -0.003 -23"><span class='ocrx_word' id='word_1_247' title='bbox 124 3483 200 3566; x_wconf 87' lang='grc' dir='ltr'><em>τούς</em></span> <span class='ocrx_word' id='word_1_248' title='bbox 219 3486 465 3576; x_wconf 88' lang='grc' dir='ltr'><em>προεκθέοντας</em></span> <span class='ocrx_word' id='word_1_249' title='bbox 488 3491 556 3554; x_wconf 80' lang='grc' dir='ltr'><em>τόν</em></span> <span class='ocrx_word' id='word_1_250' title='bbox 576 3491 719 3577; x_wconf 74' lang='grc' dir='ltr'><em>Θρᾳκῶν</em></span> <span class='ocrx_word' id='word_1_251' title='bbox 743 3480 957 3555; x_wconf 81' lang='grc' dir='ltr'><em>ἀνέστελλον·</em></span> <span class='ocrx_word' id='word_1_252' title='bbox 982 3484 1039 3552; x_wconf 78' lang='grc' dir='ltr'><em>καί</em></span> <span class='ocrx_word' id='word_1_253' title='bbox 1062 3479 1083 3568; x_wconf 79' lang='grc' dir='ltr'><strong><em>ἡ</em></strong></span> 
     </span>
     <span class='ocr_line' id='line_1_34' title="bbox 36 3591 930 3644; baseline 0 -48"><span class='ocrx_word' id='word_1_254' title='bbox 36 3591 37 3596; x_wconf 73' lang='grc'>,</span> <span class='ocrx_word' id='word_1_255' title='bbox 898 3593 930 3644; x_wconf 74' lang='lat'><em>1‘</em></span> 
     </span>
    </p>
   </div>
   <div class='ocr_carea' id='block_1_4' title="bbox 0 0 1300 3920">
    <p class='ocr_par' dir='ltr' id='par_1_4' title="bbox 0 0 1300 3920">
     <span class='ocr_line' id='line_1_35' title="bbox 0 0 1300 3920; baseline 0 0"><span class='ocrx_word' id='word_1_256' title='bbox 0 0 1300 3920; x_wconf 95' lang='lat' dir='ltr'><em> </em></span> 
     </span>
    </p>
   </div>
  </div>
 </body>
</html>
