2632 3922
202 37 267 99 222
561 35 817 94 ΑΔΕΞΔΝΔΡΟΤ

204 193 243 260 τὸ
270 191 398 278 δεξιόν,
429 191 494 280 τὴν
520 198 716 280 Δημητρίου
744 192 801 258 καί
827 189 889 278 τὴν
915 187 1021 258 αύτοῦ
1052 194 1188 274 ἔχοντα

207 297 405 379 ἱππαρχίαν,
431 293 607 380 κελεύσας,
627 291 764 361 ἐπειδάν
782 290 821 360 τό
839 290 923 358 κατὰ
942 291 1031 377 σφᾶς
1051 305 1186 376 στῖφος

161 441 174 460 .
204 395 274 462 τῶν
292 393 422 462 ἱππέων
440 391 569 472 ίὶόντες
587 397 624 462 οἱ
643 392 809 481 βάρβαροι
825 389 1184 479 άντιπαριππεύωσιν,

205 493 312 562 αύτὸν
336 492 477 563 κατόπιν
503 499 639 580 ἔχεσθαι
664 490 796 562 αὐτῶν·
832 497 901 560 τοῖν
927 495 1034 573 πεζῶν
1053 489 1092 559 δὲ
1112 490 1185 577 τὴν

206 593 364 680 φάλαγγα
379 594 537 686 Σελεύκῳ
551 595 608 662 καὶ
620 588 800 679 Ἀντιγὲνει
813 593 869 660 καὶ
888 591 1044 681 Ταύρωνι
1062 611 1182 679 προσ·
1211 616 1225 656 ε

207 695 321 774 ίταξεν
346 692 454 780 ἄγειν·
493 693 537 781 μὴ
565 693 716 782 πρόσθεν
744 693 782 762 δὲ
807 691 970 762 ἅπτεσθαι
986 697 1050 760 τού
1069 697 1182 779 ἔργον

205 795 288 916 πρίν
313 792 382 864 ύπὸ
407 800 465 882 τῆς
489 799 596 864 ἱππου
613 800 673 881 τῆς
691 791 777 881 ἄμφ’
797 791 903 862 αὐτόν
920 793 1182 882 τεταραγμένην

205 897 268 981 τήν
304 922 340 963 τε
379 895 540 982 φάλαγγα
577 899 647 986 τάν
686 896 793 978 πεζόν
831 894 889 962 καὶ
926 893 1007 974 τούς
1049 895 1181 971 ἱππέας
1285 893 1286 938 3

206 999 399 1064 κατίδωσιν.

171 1115 190 1164 4
270 1093 359 1182 Ἤδη
384 1122 421 1164 τε
449 1093 543 1176 ἐντός
569 1097 690 1183 βέλους
719 1097 870 1181 ἐγίγνετο
897 1095 989 1162 κάλ’
972 1095 1096 1180 εφῆκεν
1117 1095 1178 1161 ἐπὶ
1196 1120 1221 1158 ιο

206 1223 245 1264 το
234 1195 406 1282 κέρας
371 1223 409 1264 το
428 1194 607 1284 εύύννμον
624 1222 693 1263 των
708 1192 827 1263 Ἰνδων
840 1193 920 1274 τούς
939 1193 1178 1284 ἱπποτοξότας,
1283 1221 1284 1228 “

206 1294 308 1376 ὄντας
335 1300 368 1375 ἐς
393 1303 534 1382 χιλίους,
563 1323 607 1376 ως
634 1294 771 1384 ταράξαι
796 1293 877 1373 τούς
894 1293 1000 1384 ταύτῃ
1028 1296 1178 1382 ἐφεστη-

206 1397 307 1475 κότας
332 1401 402 1464 τῶν
428 1403 598 1483 πολεμίων
615 1401 659 1484 τῇ
686 1395 875 1482 πυκνότητί
897 1422 933 1464 τε
959 1399 1028 1462 τῶν
1053 1397 1178 1476 τοξευ-

206 1496 319 1584 μάτων
345 1497 402 1564 καὶ
428 1499 497 1564 τῶν
523 1501 637 1565 ἵππων
662 1499 704 1586 τῇ
732 1496 894 1566 ἐπελάσει.
938 1496 995 1564 καὶ
1012 1492 1114 1574 αύτὸς
1135 1495 1178 1564 δὲ

206 1595 288 1676 τούς
313 1598 467 1684 ἑταίρους
487 1602 572 1684 ἔχων
589 1595 671 1677 τούς
691 1599 813 1677 ἱππέας
831 1596 1050 1684 παρήλαυνεν
1067 1593 1175 1676 ὀξέως
1190 1620 1217 1662 ιε

207 1698 263 1768 ε’πλ
288 1696 326 1766 τό
353 1695 532 1785 εύοόνυμον
557 1700 626 1765 τάν
651 1699 852 1786 βαρβάρων,
884 1695 968 1764 κατά
994 1697 1096 1785 κέρας
1124 1703 1178 1771 ἔτι

205 1801 460 1888 τεταραγμένοις
488 1803 645 1886 ἐμβαλεῖν
673 1798 829 1885 σπουδὴν
850 1797 1066 1885 ποιούμενος,
1088 1797 1176 1886 πρὶν

104 1919 113 1936 ”
209 1903 264 1970 ἐπὶ
291 1900 462 1987 φάλαγγος
490 1901 673 1986 ἐκταθῆναι
698 1895 815 1977 αύτοῖς
841 1896 903 1984 τὴν
928 1902 1043 1965 ἵππον.

157 1996 197 2060 17
283 1999 338 2069 Ἐν
355 1999 466 2090 τούτῳ
484 1998 523 2066 δὲ
541 2005 578 2068 οἵ
592 1997 628 2067 τε
640 1997 741 2067 Ἰνδοὶ
758 1997 839 2077 τούς
861 2000 982 2078 ἱππίας
1000 1997 1174 2068 πάντοθεν

206 2103 446 2182 ξυναλίσαντες
480 2107 696 2187 παρίππευον
723 2098 933 2191 Ἀλεξάνδρῳ
969 2097 1170 2186 άντιπαρεξ-
1185 2127 1211 2165 ιο

206 2200 346 2287 άγοντες
367 2205 410 2286 τῇ
432 2199 552 2285 ἐλάσει,
577 2201 634 2268 καί
659 2201 790 2288 οἱπερὶ
811 2209 950 2284 Κοῖνον,
974 2197 1019 2278 οἱς
1038 2199 1172 2285 παρήγ-

206 2310 322 2387 γελτο,
341 2299 488 2367 ’κατόπιν
514 2298 631 2380 αύτοίς
659 2303 893 2388 ἐπεφαίνοντο.
939 2301 1047 2368 ταῦτα
1073 2299 1171 2377 ξυνι-

207 2402 322 2479 δόντες
348 2404 384 2468 οἱ
395 2399 496 2469 Ἰνδοί
522 2398 735 2489 άμφίστομον
751 2399 1017 2488 ἡναγκάσθησαν
1037 2404 1171 2484 ποιῆσαι

205 2503 268 2589 τὴν
293 2501 387 2582 τάξιν
405 2503 470 2588 τῆς
496 2505 616 2589 ἵππου,
643 2501 706 2587 τὴν
732 2501 795 2588 μὲν
814 2500 859 2580 ω’ς
879 2500 932 2568 ἐπ’
949 2499 1168 2589 Ἁλέξανδρον

205 2603 267 2689 τὴν
293 2600 422 2688 πολλήν
454 2629 490 2670 τε
516 2603 573 2671 καλ
598 2610 796 2691 κρατίστην·
831 2606 867 2670 οἱ
890 2600 929 2668 δὲ
956 2603 1011 2669 ἐπὶ
1039 2601 1206 2672 Κοῖνόνοε

172 2720 189 2768 2
206 2731 242 2772 τε
267 2704 324 2771 καλ
350 2701 431 2783 τούς
449 2701 518 2790 άμα
535 2705 647 2795 τούτῳ
673 2704 888 2790 ἐπέστρεφον.
932 2701 1035 2770 τούτό
1052 2727 1087 2768 τε
1105 2693 1166 2770 οὖν

207 2801 317 2884 εύθύς
345 2803 481 2892 ἐτάραξε
506 2805 566 2884 τάς
592 2771 698 2883 τάξεις
724 2829 760 2871 τε
786 2803 843 2870 καί
867 2800 927 2880 τάς
945 2801 1082 2928 γυοόμας
1100 2828 1165 2870 των

201 2902 320 2973 Ἰνδῶν
345 2907 403 2973 καλ
428 2904 517 2984 Ἀλέξ
502 2907 643 2990 ξανθρος
672 2901 756 2971 ι’δύν
781 2903 842 2971 τόν
868 2900 988 2991 καιρόν
1016 2905 1053 2972 ἐν
1079 2899 1164 2991 αὐτῇ

205 3031 246 3091 τῃ
233 3007 323 3072 ε’πλ
341 3005 470 3092 θάτερα
489 3004 732 3090 ἐπιστροφῇ
694 3029 753 3090 της
772 3007 879 3072 ἵππου
901 3005 1083 3072 ἐπιτίθεται
1099 3017 1164 3084 τοῖς

205 3103 285 3172 καθ’
314 3101 433 3192 αύτύν,
461 3103 546 3173 ω’στε
571 3101 654 3172 οὐδὲ
679 3102 741 3188 τὴν
760 3104 906 3192 ἐμβολὴν
926 3105 1082 3184 ἐδέξαντο
1099 3131 1200 3176 τωνεο

205 3202 278 3291 άμφ
282 3198 528 3292 ’Ἀλέξανδρον
556 3205 747 3273 ίππάωνοὶ
767 3203 884 3291 Ἰνδοί,
911 3205 996 3272 άλλολ
1021 3202 1162 3292 κατηρά-

202 3316 336 3393 χθηοαν
363 3302 475 3394 ὥσπερ
498 3311 547 3385 είς
565 3305 673 3392 τεῖχός
691 3332 721 3373 τι
739 3313 853 3392 φίλιον
871 3305 951 3383 τούς
972 3307 1160 3392 ἐλέφαντας.
