2632 3922
207 139 271 204 266
567 137 818 196 εκυΞΑΝΔΡον

211 296 278 386 [διὰ
302 301 363 384 τῆς
384 293 583 385 Ἀραχάτων
608 295 664 363 καί
683 293 854 386 Δράγγοιν
879 291 973 382 γής]·
1007 294 1113 376 αῦτδς
1140 295 1182 366 δέ

208 399 363 467 κατέπλει
397 401 430 478 ἐς
455 396 516 485 τήν
550 397 772 466 Μουσικανοῦ
801 394 1023 484 ἐπικράτειαν,
1057 394 1180 482 ήντινα
1281 391 1282 432 ³

207 493 516 586 εὐδαιμονεστάτην
541 503 601 584 τῆς
614 495 732 566 Ἰνδῶν
758 502 820 584 γης
844 494 928 565 εἶναι
949 497 1177 584 ἐξηγγέλλετο,

208 598 259 669 ὅτι
284 598 379 669 οῦπω
405 597 484 668 οὔτε
510 596 691 685 ἀπηντήκει
717 594 811 689 αὐτῷ
835 597 1056 678 Μουσικανός
1083 600 1174 666 ἐνδι-

209 699 290 781 δοῦς
323 695 427 769 αὐτόν
460 725 497 768 τε
522 699 579 768 καὶ
604 697 666 786 τήν
691 697 806 787 χάραν
832 696 912 767 οῦτε
940 701 1094 788 πρέσβεις
1122 699 1178 768 ἐπὶ
1203 727 1215 768 ⁵

209 807 305 891 φιλίᾳ
330 801 500 889 ἐκπέμπει,
527 797 612 869 οῦδέ
625 825 656 867 τι
672 797 749 868 ου”τε
767 797 869 879 αῦτδς
889 799 1076 886 ἐπεπόμφει
1094 796 1118 866 δι’
1135 797 1177 886 δή

208 901 343 994 μεγάλφ
361 909 495 989 βασιλεῖ
510 899 611 988 είκός,
630 897 708 969 οὔτε
719 926 750 969 τι
765 895 880 989 ήτήκει
894 903 927 982 ἐξ
939 896 1177 989 Ἀλεξάνδρου.

174 1006 269 1072 Θκαὶ
296 1011 446 1089 γίγνεται
472 998 568 1092 αὐτῷ
596 995 614 1070 δ
643 1005 750 1081 πλοῦς
775 999 859 1069 κατά
885 1000 947 1071 τδυ
973 1000 1127 1088 ποταμὸν
1144 1003 1185 1080 ἐς,

207 1103 346 1174 τοσόνδε
373 1103 644 1192 ἐσπουδασμένος
670 1100 755 1181 ὥστε
782 1107 871 1189 ἔφθη
899 1104 954 1172 ἐπὶ
978 1118 1049 1182 τοῖς
1067 1101 1177 1191 ὁρίοις

207 1204 368 1293 γενέσθαι
400 1209 459 1290 τής
489 1207 712 1274 Μουσικανοῦ
744 1202 855 1292 χώρας
887 1206 969 1294 πρὶν
1002 1204 1180 1272 πυθέσθαι
1193 1233 1217 1274 ιο

209 1304 430 1378 Μουσικανὸν
448 1301 498 1374 ότι
516 1303 663 1394 ὥρμηται
681 1302 725 1383 ῦς
748 1300 800 1372 ἐπ’
825 1302 933 1373 αῦτδν
948 1300 1179 1392 Ἀλέξανδρος.

208 1405 298 1477 οῦτιο
325 1406 368 1494 δή
394 1407 570 1492 ἐκπλαγεὶς
587 1404 671 1473 κατὰ
688 1403 788 1490 τοῖχος
806 1402 939 1489 ἀπήντα
953 1403 1179 1499 Ἀλεξάνδρῳ,

208 1506 303 1595 δῦρά
329 1533 366 1574 τε
391 1505 432 1574 τά
450 1513 610 1575 πλείστου
628 1503 704 1588 ἀξια
722 1503 803 1596 παρ’
819 1503 938 1586 Ἰνδοῖς
956 1512 1101 1595 κομίζων
1119 1507 1180 1576 καί

208 1608 288 1687 τοῦς
315 1606 497 1694 ἐλέφαντας
523 1607 719 1695 ξύμπαντας
745 1605 840 1692 ἀγαν
865 1609 924 1676 καὶ
949 1607 987 1676 τό
1016 1613 1118 1687 ἔθνος
1142 1633 1181 1677 τε

210 1709 268 1777 καὶ
300 1706 408 1777 αῦτδν
442 1707 594 1789 ἐνδιδοῦς
620 1709 678 1776 καὶ
703 1706 879 1797 ὁμολογοῦν
911 1707 1056 1797 ἀδικεῖν,
1091 1706 1180 1797 ὅπερ
1194 1744 1217 1784 15

117 1844 121 1851 ·
211 1810 367 1899 μέγιστον
396 1808 476 1900 παρ’
520 1805 728 1900 Ἀλεξάνδρφ
761 1801 805 1896 ήυ
837 1809 871 1888 ἐς
902 1809 941 1876 τδ
976 1821 1092 1897 τυχεῖν
1128 1803 1188 1877 ἀν’

175 1923 192 1972 λ
210 1938 259 1990 τις
277 1911 394 1978 δέοιτο.
421 1901 560 1979 καλοῦν
576 1913 633 1978 καὶ
649 1913 858 1999 Μουσικανῷ
877 1910 933 1978 ἐπὶ
951 1915 1065 1980 τοῖσδε
1083 1907 1181 1978 ἀδεια

212 2011 317 2098 ἐδόθη
351 2013 384 2091 ἐξ
408 2007 648 2100 Ἀλεξάνδρου,
673 2011 737 2110 ,καλ
763 2009 826 2098 τήν
852 2008 953 2080 πόλιν
980 2009 1181 2098 ἐθαύμασεν

206 2112 424 2197 Ἀλέξανδρος
441 2111 499 2180 καὶ
515 2109 578 2196 τήν
595 2111 720 2201 χάραν,
744 2112 801 2180 καί
819 2107 932 2200 ἀρχειν
950 2110 1053 2198 αῦτής
1074 2121 1179 2182 Μου·
1281 2183 1282 2200 ,

208 2217 336 2304 σικανῷ
356 2215 467 2280 ἔδωκε.
495 2210 667 2300 Κράτερος
686 2211 724 2280 δέ
742 2214 779 2281 ἐν
797 2213 837 2300 τῇ
858 2211 954 2282 πόλει
972 2211 1097 2300 ἐτάχθη
1113 2210 1179 2298 τήν
1191 2246 1218 2288 20

208 2312 317 2402 ἀκραν
345 2314 535 2399 ἐκτειχίσαι·
571 2313 628 2381 καὶ
649 2311 815 2402 παρόντος
834 2317 882 2381 ἐτι
900 2316 1067 2401 ἐτειχίσθη
1080 2311 1180 2382 Ἀλε·

209 2413 357 2502 ξάυδρου
377 2413 433 2480 καὶ
453 2413 587 2502 φυλακή
602 2413 802 2501 κατεστάθη,
816 2409 866 2482 ὅτι
881 2413 1068 2502 ἐπιτήδειον
1082 2409 1180 2506 αῦτρῖ

211 2513 319 2602 ἐφάνη
342 2511 379 2582 τδ
406 2521 531 2604 χοιρίον
558 2517 592 2595 ἐς
617 2514 655 2584 τδ
681 2514 879 2602 κατέχεσθαι
896 2515 938 2584 τά
957 2513 1073 2606 κῦκλφ
1093 2519 1180 2605 ἔθνη

210 2613 454 2704 φυλαττόμενα.

33 2717 69 2782 0
160 2729 201 2795 16
277 2714 403 2786 Ἔνθεν
429 2715 468 2786 δέ
494 2714 675 2804 ἀναλαβών
700 2713 781 2798 τοῦς
807 2743 843 2786 τε
867 2716 1003 2799 τοξότας
1019 2718 1078 2785 καὶ
1095 2714 1219 2798 τοῦςεε

147 2861 149 2865 -
207 2815 384 2907 Ἀγριάνας
410 2818 467 2888 καὶ
490 2815 553 2904 τήν
576 2821 681 2886 ίππον
698 2816 758 2904 τήν
777 2815 846 2906 ἅμα
864 2813 900 2888 οἷ
916 2819 1088 2888 πλέουσαν
1106 2819 1181 2899 ἐξε·

210 2919 327 2988 λαῦνει
346 2921 401 2988 ἐπὶ
418 2917 479 2988 τόν
496 2917 672 3006 νομάρχην
697 2923 755 3006 τής
781 2919 889 3009 ταῦτη
914 2924 989 3007 γής,
1015 2916 1122 3006 ὄνομα
1139 2917 1181 2988 δδ

209 3013 253 3106 ήν
272 3019 465 3105 Ὀξυκανός,
492 3017 542 3088 ὅτι
561 3014 645 3106 μήτε
662 3015 766 3098 αάτδς
784 3017 907 3106 ἀφῖκτο
925 3019 1007 3108 μήτε
1023 3021 1181 3108 πρέσβεις

210 3117 292 3210 παρ’
335 3116 442 3188 αῦτοῦ
475 3109 558 3206 ήκον
598 3117 784 3200 ἐνδιδόντες
818 3119 925 3190 αάτδν
957 3145 994 3190 τε
1024 3121 1081 3190 καὶ
1114 3120 1181 3207 τήν
1281 3183 1282 3186 ,

175 3221 333 3309 νχοόραν.
372 3216 436 3288 δῦο
463 3219 525 3306 μὲν
550 3219 592 3306 δή
618 3217 679 3300 τάς
704 3226 862 3308 μεγίστας
888 3222 999 3307 πόλεις
1022 3227 1090 3291 τῶν
1107 3219 1179 3290 ῦπδ
1195 3265 1221 3308 ς,

209 3323 257 3408 τῷ
280 3316 453 3408 Ὀξυκανῷ
482 3319 515 3398 ἐξ
534 3317 659 3404 ἐφόδου
677 3321 760 3388 κατά
778 3321 900 3408 κράτος
920 3329 1057 3410 ἐλαβεν·
1085 3323 1122 3390 ἐν
1141 3322 1182 3392 δὲ

209 3423 254 3506 τή
282 3418 376 3506 ἕτέρρι
402 3415 531 3486 τούτων
557 3419 613 3486 καὶ
640 3416 741 3498 αῦτδς
757 3414 940 3502 Ὀξυκανδς
960 3422 1057 3491 ἑάλω.
1102 3421 1181 3492 ὁδε
