2572 3920
402 131 644 225 *ANABA2121,
661 164 752 213 10.11.
1040 159 1081 223 21
1113 225 1120 234 ,

116 295 374 387 ούινέξέδοσοιν,
394 299 635 390 πρεσβεύονται
653 301 691 370 δέ
705 293 805 382 αὖθις
822 300 913 392 παρὰ
927 296 1083 382 Ἀλέξαν-

117 406 214 492 δρον,
234 398 371 488 άφεῖναι
395 401 548 489 δεόμενοι
565 398 628 489 τήν
645 399 752 492 όργην
768 416 838 482 τοῖς
863 401 1082 491 ἐξαιτηθεῖσι·

117 499 412 592 καὶἈλέξανδρος
426 499 547 590 άφῆκε,
564 501 670 590 τυχόν
687 503 751 592 μὲν
769 507 930 590 αίδοῖτῆς
944 503 1082 590 πόλεως,

117 601 225 690 τυχόν
250 603 288 672 δὲ
313 608 448 694 σπουδῇ
470 609 532 672 τού
558 601 593 684 ές
619 603 681 691 τὴν
704 602 820 673 Ἀσίαν
851 605 990 693 στόλου,
1021 603 1084 674 ούκ

91 728 104 770 τ
120 705 252 774 ἐθέλων
262 701 365 773 ούδὲν
378 701 531 774 ύποπτου
541 705 577 773 ἐν
586 719 655 785 τοῖς
661 703 819 792 Ἕλλησιν
827 703 1082 775 ὑπολείπεσθαι.

118 810 321 894 Χαρίδημον
342 806 472 894 μέντοι,
498 803 690 894 μόνοντῶν
708 807 950 894 ἐξαιτηθέντων
975 807 1084 877 τεκαὶ

118 905 160 975 ού
181 908 368 994 δοθέντων,
386 905 527 994 φεύγειν
542 908 709 976 ἐκέλευσε·
727 907 782 976 καὶ
801 907 919 996 φεύγει
932 913 1083 998 Χαρίδη-

118 1035 182 1097 μος
202 1010 235 1088 ές
261 1035 324 1095 την
338 1006 453 1077 Ἀσίαν
470 1033 560 1096 παρα
578 1008 716 1094 βασιλέα
734 1021 893 1098 Δαρεῖον.

203 1113 318 1178 Ταῦτα
342 1107 380 1178 δέ
398 1107 662 1200 διαπραξάμενος
681 1111 872 1197 ἐπανηλθεν
896 1115 944 1190 είς
962 1121 1080 1182 Μακε-
1095 1114 1133 1177 11

81 1234 106 1274 10
122 1214 258 1278 δονίοιν
283 1210 340 1277 καὶ
357 1215 405 1300 τῷ
422 1236 458 1278 τε
471 1211 531 1280 Διί
548 1216 595 1302 τῷ
610 1207 781 1302 Ὀλυμπίῳ
799 1237 861 1297 την
877 1217 1007 1280 θυσίαν
1023 1240 1084 1300 την

113 1309 168 1381 άπ
169 1307 377 1401 ’Ἀρχελάου
394 1315 440 1379 ἔτι
456 1315 678 1380 καθεστωσαν
696 1317 800 1380 ἔθυσε
817 1309 926 1380 καί
891 1338 951 1380 τον
969 1309 1100 1398 άγῶνα

121 1414 224 1482 ένΑί
174 1417 299 1498 γαις
313 1409 499 1500 διεθηκε
461 1437 501 1480 τοι
516 1409 693 1499 Ὀλύμπια·
712 1416 783 1480 ολδ
733 1411 875 1480 ίδὲκαλ
893 1427 966 1492 ταῖς
981 1412 1084 1483 Μού-

121 1537 196 1593 σαις
229 1513 386 1599 λέγουσιν
418 1511 468 1581 ότι
493 1507 609 1599 άγοῖνα
642 1515 786 1600 ἐποίησε.
829 1514 887 1582 καὶ
913 1514 951 1581 έν
975 1513 1118 1606 τούτων
1238 1582 1242 1589 ,

122 1613 318 1700 ἀγγέλλεται
344 1613 381 1682 τό
410 1611 556 1703 Ὀρφέως
583 1618 646 1682 τού
678 1613 829 1703 Οἰάγρου
859 1619 920 1683 τού
952 1614 1085 1705 Θρᾳκός

84 1738 108 1778 15
122 1714 257 1803 άγοιλμα
281 1713 319 1783 τό
344 1717 382 1784 ἐν
405 1720 537 1803 Πιερίδι
562 1719 711 1803 ίδράσαι.
726 1717 888 1802 ξυνεχῶς·
917 1716 973 1784 καὶ
991 1715 1085 1785 άλλοι

122 1815 207 1885 άλλα
222 1817 415 1898 ἐπεθείαζον
427 1821 497 1884 τῶν
509 1814 674 1904 μάντεων,
685 1811 921 1904 Ἀρίστανδρος
936 1818 985 1903 δέ,
999 1815 1084 1906 ἀνὴρ

26 1911 30 1918 ’
128 1915 346 2005 Τελμισσεύς,
359 1915 486 2004 μάντις,
500 1925 644 2004 θαρρεῖν
659 1919 833 1986 ἐκέλευσεν
848 1913 1083 2006 Ἀλέξανδρον·

124 2022 313 2104 δηλοῦσθαι
334 2015 399 2107 γάρ
424 2015 474 2087 ότι
497 2031 646 2104 ποιηταῖς
665 2019 755 2086 ἐπῶν
771 2043 807 2087 τε
824 2017 881 2084 καὶ
897 2021 1010 2105 μελῶν
1028 2019 1085 2087 καὶ

123 2118 196 2188 ὅσοι
214 2113 301 2207 άμφὶ
320 2113 413 2208 (βδήν
431 2125 545 2205 έχουσι
567 2116 675 2198 πολύς
693 2118 795 2206 πόνος
813 2123 905 2187 ἔσται
922 2134 1032 2189 ποιεῖν
1049 2145 1084 2188 τε

86 2240 111 2282 20
123 2221 179 2289 καί
198 2217 295 2310 ᾅδειν
310 2217 530 2310 Ἀλέξανδρον
547 2219 604 2287 καὶ
622 2218 662 2288 τά
677 2217 897 2309 Ἀλεξάνδρου
915 2225 1007 2309 έργα.

191 2319 280 2409 Ἀμα
299 2319 336 2390 δέ
353 2327 401 2414 τῷ
423 2312 480 2409 ἦρι
504 2317 676 2413 άρχομένφ
701 2319 869 2402 ἐξελαύνει
889 2318 944 2408 ἐφ’
966 2320 1119 2410 Ἐλλη·3

125 2421 290 2510 σπόντου,
324 2420 364 2490 τά
393 2422 456 2510 μὲν
489 2419 574 2490 κατά
604 2427 823 2492 Μακεδονίαν
851 2448 887 2490 τε
917 2423 974 2490 κάλ
1003 2423 1083 2504 τούς

117 2520 280 2610 Ἕλληνας
294 2520 499 2616 Ἀντιπάτρῳ
519 2523 713 2611 ἐπιτρέψας,
736 2521 837 2603 αύιός
855 2521 894 2590 δὲ
911 2521 1004 2610 άγων
1022 2550 1083 2594 πεὃ

123 2623 199 2706 ζούς
213 2623 275 2711 μὲν
285 2621 352 2692 σύν
362 2631 472 2704 ψιλοῖς
485 2649 520 2712 τε
533 2623 590 2690 καὶ
602 2621 750 2706 τοξόταις
763 2619 804 2692 ού
819 2629 932 2716 πολλῷ
946 2631 1083 2706 πλείους

86 2743 112 2784 2⁵
125 2729 192 2792 τῶν
210 2729 435 2812 τρισμυρίων,
463 2726 584 2803 ίππέας
609 2723 647 2792 δὲ
670 2721 757 2813 ύπλρ
769 2720 854 2806 τούς
872 2747 1083 2813 πεντακισχι-
1154 2765 1156 2770 ·

126 2831 229 2904 λίους.
266 2817 310 2912 ἦν
334 2824 373 2893 δὲ
396 2821 489 2916 αύτῷ
513 2818 531 2892 ό
551 2823 669 2904 στόλος
687 2823 778 2914 παρά
796 2823 858 2912 τὴν
876 2831 998 2913 λίμνην
1021 2825 1083 2914 τὴν

125 2934 318 3015 Κερκινῖτιν
341 2923 385 3005 ὡς
410 2922 462 2992 ἐπ’
491 2919 690 3013 Ἀμφίπολιν
715 2925 772 2993 καὶ
797 2931 859 2993 τού
886 2925 1083 3014 Στρυμόνος

126 3031 277 3114 ποταμοῦ
307 3023 368 3106 τάς
399 3023 547 3112 ἐκβολάς.
592 3023 709 3112 διαβάς
740 3024 778 3095 δέ
808 3024 868 3096 τόν
900 3026 1117 3116 Στρυμόναλ

125 3126 305 3216 παρήμειβε
322 3127 360 3195 τό
374 3126 550 3213 Πάγγαιον
563 3125 641 3214 ὅρος
654 3125 716 3214 την
735 3125 780 3208 άς
799 3122 852 3196 ἐπ’
863 3123 1013 3253 Ἀβδηρα
1027 3131 1083 3198 καὶ

88 3253 113 3295 ιο
126 3227 342 3321 Μαρώνειαν,
360 3227 471 3306 πόλεις
481 3221 675 3316 Ελληνίδας
694 3228 748 3296 έπί
765 3227 921 3353 θαλάσση
941 3228 1082 3321 ᾠκισμέ-

125 3357 192 3410 νας.
226 3335 329 3400 ἔνθεν
352 3328 390 3397 δε
415 3328 469 3396 ἐπὶ
492 3327 552 3397 τόν
567 3328 690 3448 Ἕβρον
714 3329 864 3418 ποταμόν
881 3324 1083 3430 άφικόμευος

126 3436 289 3520 διαβαίνει
311 3431 368 3499 καὶ
386 3427 445 3499 τόν
464 3429 586 3519 Ἕβρου
609 3423 767 3510 εύπετάς.
808 3433 941 3499 ἐκεῖθεν
965 3429 1003 3498 δε
1027 3429 1081 3498 διά
