<?xml version="1.0" encoding="UTF-8"?>
<!DOCTYPE html PUBLIC "-//W3C//DTD XHTML 1.0 Transitional//EN"
    "http://www.w3.org/TR/xhtml1/DTD/xhtml1-transitional.dtd">
<html xmlns="http://www.w3.org/1999/xhtml" xml:lang="en" lang="en">
 <head>
  <title>
</title>
<meta http-equiv="Content-Type" content="text/html;charset=utf-8" />
  <meta name='ocr-system' content='tesseract 3.04.00' />
  <meta name='ocr-capabilities' content='ocr_page ocr_carea ocr_par ocr_line ocrx_word'/>
</head>
<body>
  <div class='ocr_page' id='page_1' title='image "./arrianianabasis01arrigoog_0112.png"; bbox 0 0 2620 3924; ppageno 0'>
   <div class='ocr_carea' id='block_1_1' title="bbox 483 109 1115 209">
    <p class='ocr_par' dir='ltr' id='par_1_1' title="bbox 483 109 1115 209">
     <span class='ocr_line' id='line_1_1' title="bbox 483 109 1115 209; baseline 0.008 -17"><span class='ocrx_word' id='word_1_1' title='bbox 483 143 668 196; x_wconf 75' lang='grc' dir='ltr'><strong><em>ιαεεεειε</em></strong></span> <span class='ocrx_word' id='word_1_2' title='bbox 686 147 711 208; x_wconf 82' lang='grc' dir='ltr'><strong><em>ε,</em></strong></span> <span class='ocrx_word' id='word_1_3' title='bbox 729 145 770 196; x_wconf 77' lang='grc' dir='ltr'><strong><em>ει.</em></strong></span> <span class='ocrx_word' id='word_1_4' title='bbox 899 109 900 114; x_wconf 36' lang='grc'><strong>“</strong></span> <span class='ocrx_word' id='word_1_5' title='bbox 1074 143 1115 209; x_wconf 87' lang='lat'><strong><em>91</em></strong></span> 
     </span>
    </p>
   </div>
   <div class='ocr_carea' id='block_1_2' title="bbox 40 280 1166 3508">
    <p class='ocr_par' dir='ltr' id='par_1_2' title="bbox 124 280 1149 1183">
     <span class='ocr_line' id='line_1_2' title="bbox 153 280 1114 374; baseline 0.003 -22"><span class='ocrx_word' id='word_1_6' title='bbox 153 281 319 374; x_wconf 77' lang='grc' dir='ltr'><strong><em>ἐντούτῳ</em></strong></span> <span class='ocrx_word' id='word_1_7' title='bbox 343 282 485 370; x_wconf 87' lang='grc' dir='ltr'><strong><em>μάλιστα</em></strong></span> <span class='ocrx_word' id='word_1_8' title='bbox 509 280 576 350; x_wconf 82' lang='grc' dir='ltr'><strong><em>άπὸ</em></strong></span> <span class='ocrx_word' id='word_1_9' title='bbox 601 288 662 352; x_wconf 83' lang='grc' dir='ltr'><strong><em>τοῦ</em></strong></span> <span class='ocrx_word' id='word_1_10' title='bbox 689 285 744 354; x_wconf 88' lang='grc' dir='ltr'><strong><em>ε’πλ</em></strong></span> <span class='ocrx_word' id='word_1_11' title='bbox 762 284 889 373; x_wconf 77' lang='grc' dir='ltr'><em>θάτερα</em></span> <span class='ocrx_word' id='word_1_12' title='bbox 908 288 967 370; x_wconf 83' lang='grc' dir='ltr'><strong><em>τής</em></strong></span> <span class='ocrx_word' id='word_1_13' title='bbox 986 285 1114 366; x_wconf 87' lang='grc' dir='ltr'><strong><em>πόλεως</em></strong></span> 
     </span>
     <span class='ocr_line' id='line_1_3' title="bbox 150 384 1149 475; baseline 0.006 -24"><span class='ocrx_word' id='word_1_14' title='bbox 150 388 315 452; x_wconf 77' lang='grc' dir='ltr'><strong><em>ναυτικοῦ</em></strong></span> <span class='ocrx_word' id='word_1_15' title='bbox 342 386 396 452; x_wconf 82' lang='grc' dir='ltr'><strong><em>ἐπὶ</em></strong></span> <span class='ocrx_word' id='word_1_16' title='bbox 420 385 482 470; x_wconf 86' lang='grc' dir='ltr'><strong><em>τήν</em></strong></span> <span class='ocrx_word' id='word_1_17' title='bbox 514 384 640 472; x_wconf 79' lang='grc' dir='ltr'><strong><em>σκηνήν</em></strong></span> <span class='ocrx_word' id='word_1_18' title='bbox 664 384 847 475; x_wconf 82' lang='grc' dir='ltr'><strong><em>άπεχιόρει,</em></strong></span> <span class='ocrx_word' id='word_1_19' title='bbox 879 387 1149 474; x_wconf 75' lang='grc' dir='ltr'><strong><em>πληρόσαντεςθ</em></strong></span> 
     </span>
     <span class='ocr_line' id='line_1_4' title="bbox 152 485 1115 576; baseline 0.002 -22"><span class='ocrx_word' id='word_1_20' title='bbox 152 485 326 574; x_wconf 78' lang='grc' dir='ltr'><strong><em>πεντήρεις</em></strong></span> <span class='ocrx_word' id='word_1_21' title='bbox 350 485 413 572; x_wconf 77' lang='grc' dir='ltr'><strong><em>μὲν</em></strong></span> <span class='ocrx_word' id='word_1_22' title='bbox 428 499 520 574; x_wconf 87' lang='grc' dir='ltr'><strong><em>τρεῖς</em></strong></span> <span class='ocrx_word' id='word_1_23' title='bbox 538 487 594 554; x_wconf 85' lang='grc' dir='ltr'><strong><em>καὶ</em></strong></span> <span class='ocrx_word' id='word_1_24' title='bbox 612 487 778 576; x_wconf 77' lang='grc' dir='ltr'><strong><em>τετρήρεις</em></strong></span> <span class='ocrx_word' id='word_1_25' title='bbox 798 497 890 574; x_wconf 80' lang='grc' dir='ltr'><strong><em>ἴσας,</em></strong></span> <span class='ocrx_word' id='word_1_26' title='bbox 913 489 1057 576; x_wconf 75' lang='grc' dir='ltr'><strong><em>τριήρεις</em></strong></span> <span class='ocrx_word' id='word_1_27' title='bbox 1076 488 1115 556; x_wconf 76' lang='grc' dir='ltr'><strong><em>δὲ</em></strong></span> 
     </span>
     <span class='ocr_line' id='line_1_5' title="bbox 153 585 1116 678; baseline 0.004 -24"><span class='ocrx_word' id='word_1_28' title='bbox 153 587 237 654; x_wconf 81' lang='grc' dir='ltr'><strong><em>ἑπτά</em></strong></span> <span class='ocrx_word' id='word_1_29' title='bbox 256 585 302 666; x_wconf 79' lang='grc' dir='ltr'><strong><em>άς</em></strong></span> <span class='ocrx_word' id='word_1_30' title='bbox 320 585 567 676; x_wconf 73' lang='grc' dir='ltr'><strong><em>ἀκριβεστάτοις</em></strong></span> <span class='ocrx_word' id='word_1_31' title='bbox 592 613 627 656; x_wconf 87' lang='grc' dir='ltr'><strong><em>τε</em></strong></span> <span class='ocrx_word' id='word_1_32' title='bbox 644 603 716 667; x_wconf 91' lang='grc' dir='ltr'><strong><em>τοῖς</em></strong></span> <span class='ocrx_word' id='word_1_33' title='bbox 740 587 937 678; x_wconf 72' lang='grc' dir='ltr'><strong><em>πληρώμασι</em></strong></span> <span class='ocrx_word' id='word_1_34' title='bbox 960 591 1017 658; x_wconf 81' lang='grc' dir='ltr'><strong><em>καὶ</em></strong></span> <span class='ocrx_word' id='word_1_35' title='bbox 1044 601 1116 669; x_wconf 86' lang='grc' dir='ltr'><strong><em>τοῖς</em></strong></span> 
     </span>
     <span class='ocr_line' id='line_1_6' title="bbox 124 687 1112 778; baseline 0.002 -22"><span class='ocrx_word' id='word_1_36' title='bbox 124 687 219 756; x_wconf 82' lang='grc' dir='ltr'><strong><em>εάπδ</em></strong></span> <span class='ocrx_word' id='word_1_37' title='bbox 246 691 317 756; x_wconf 80' lang='grc' dir='ltr'><strong><em>τῶν</em></strong></span> <span class='ocrx_word' id='word_1_38' title='bbox 340 689 632 776; x_wconf 78' lang='grc' dir='ltr'><strong><em>καταστρωμάτων</em></strong></span> <span class='ocrx_word' id='word_1_39' title='bbox 650 689 819 776; x_wconf 87' lang='grc' dir='ltr'><strong><em>μάχεσθαι</em></strong></span> <span class='ocrx_word' id='word_1_40' title='bbox 836 691 1017 778; x_wconf 76' lang='grc' dir='ltr'><strong><em>μέλλουσιν</em></strong></span> <span class='ocrx_word' id='word_1_41' title='bbox 1035 689 1112 759; x_wconf 85' lang='grc' dir='ltr'><strong><em>εόο·</em></strong></span> 
     </span>
     <span class='ocr_line' id='line_1_7' title="bbox 152 785 1115 878; baseline 0.004 -22"><span class='ocrx_word' id='word_1_42' title='bbox 152 789 330 868; x_wconf 88' lang='grc' dir='ltr'><strong><em>πλοτάτοις</em></strong></span> <span class='ocrx_word' id='word_1_43' title='bbox 348 790 405 856; x_wconf 85' lang='grc' dir='ltr'><strong><em>καλ</em></strong></span> <span class='ocrx_word' id='word_1_44' title='bbox 424 785 492 876; x_wconf 81' lang='grc' dir='ltr'><strong><em>ἅμα</em></strong></span> <span class='ocrx_word' id='word_1_45' title='bbox 505 791 561 858; x_wconf 81' lang='grc' dir='ltr'><strong><em>καὶ</em></strong></span> <span class='ocrx_word' id='word_1_46' title='bbox 580 788 862 878; x_wconf 74' lang='grc' dir='ltr'><strong><em>εὐθαρσεστάτοις</em></strong></span> <span class='ocrx_word' id='word_1_47' title='bbox 876 794 909 871; x_wconf 84' lang='grc' dir='ltr'><strong><em>ές</em></strong></span> <span class='ocrx_word' id='word_1_48' title='bbox 926 791 1010 871; x_wconf 85' lang='grc' dir='ltr'><strong><em>τοός</em></strong></span> <span class='ocrx_word' id='word_1_49' title='bbox 1026 818 1115 860; x_wconf 82' lang='grc' dir='ltr'><strong><em>ναυ-</em></strong></span> 
     </span>
     <span class='ocr_line' id='line_1_8' title="bbox 151 889 1115 982; baseline 0.002 -24"><span class='ocrx_word' id='word_1_50' title='bbox 151 889 269 970; x_wconf 85' lang='grc' dir='ltr'><strong><em>τικοός</em></strong></span> <span class='ocrx_word' id='word_1_51' title='bbox 282 889 430 977; x_wconf 81' lang='grc' dir='ltr'><strong><em>άγῶνας,</em></strong></span> <span class='ocrx_word' id='word_1_52' title='bbox 448 889 488 957; x_wconf 87' lang='grc' dir='ltr'><strong><em>τά</em></strong></span> <span class='ocrx_word' id='word_1_53' title='bbox 502 891 565 976; x_wconf 72' lang='grc' dir='ltr'><strong><em>μὲν</em></strong></span> <span class='ocrx_word' id='word_1_54' title='bbox 579 896 695 978; x_wconf 80' lang='grc' dir='ltr'><strong><em>πρῶτα</em></strong></span> <span class='ocrx_word' id='word_1_55' title='bbox 709 891 836 980; x_wconf 88' lang='grc' dir='ltr'><strong><em>άτρέμα</em></strong></span> <span class='ocrx_word' id='word_1_56' title='bbox 849 895 890 982; x_wconf 80' lang='grc' dir='ltr'><strong><em>τῇ</em></strong></span> <span class='ocrx_word' id='word_1_57' title='bbox 910 899 1039 982; x_wconf 77' lang='grc' dir='ltr'><strong><em>εἰρεσίᾳ</em></strong></span> <span class='ocrx_word' id='word_1_58' title='bbox 1059 895 1115 961; x_wconf 80' lang='grc' dir='ltr'><strong><em>ἐπὶ</em></strong></span> 
     </span>
     <span class='ocr_line' id='line_1_9' title="bbox 151 989 1115 1082; baseline 0.004 -24"><span class='ocrx_word' id='word_1_59' title='bbox 151 995 230 1078; x_wconf 83' lang='grc' dir='ltr'><strong><em>μιᾶς</em></strong></span> <span class='ocrx_word' id='word_1_60' title='bbox 245 991 330 1070; x_wconf 73' lang='grc' dir='ltr'><strong><em>νεώς</em></strong></span> <span class='ocrx_word' id='word_1_61' title='bbox 346 992 500 1072; x_wconf 80' lang='grc' dir='ltr'><strong><em>ἐξέπλεον</em></strong></span> <span class='ocrx_word' id='word_1_62' title='bbox 514 989 597 1060; x_wconf 83' lang='grc' dir='ltr'><strong><em>άνευ</em></strong></span> <span class='ocrx_word' id='word_1_63' title='bbox 612 999 801 1062; x_wconf 83' lang='grc' dir='ltr'><strong><em>κελευστῶν</em></strong></span> <span class='ocrx_word' id='word_1_64' title='bbox 810 995 868 1073; x_wconf 83' lang='grc' dir='ltr'><strong><em>τάς</em></strong></span> <span class='ocrx_word' id='word_1_65' title='bbox 878 993 994 1072; x_wconf 81' lang='grc' dir='ltr'><strong><em>κάπας</em></strong></span> <span class='ocrx_word' id='word_1_66' title='bbox 1004 1019 1115 1082; x_wconf 89' lang='grc' dir='ltr'><strong><em>παρα-</em></strong></span> 
     </span>
     <span class='ocr_line' id='line_1_10' title="bbox 152 1091 1115 1183; baseline 0.004 -23"><span class='ocrx_word' id='word_1_67' title='bbox 152 1092 332 1181; x_wconf 85' lang='grc' dir='ltr'><strong><em>φέροντες·</em></strong></span> <span class='ocrx_word' id='word_1_68' title='bbox 361 1091 406 1171; x_wconf 76' lang='grc' dir='ltr'><strong><em>ὡς</em></strong></span> <span class='ocrx_word' id='word_1_69' title='bbox 419 1091 458 1160; x_wconf 71' lang='grc' dir='ltr'><strong><em>δὲ</em></strong></span> <span class='ocrx_word' id='word_1_70' title='bbox 474 1093 679 1181; x_wconf 73' lang='grc' dir='ltr'><strong><em>ἐπέστρεφον</em></strong></span> <span class='ocrx_word' id='word_1_71' title='bbox 692 1093 756 1182; x_wconf 87' lang='grc' dir='ltr'><strong><em>ήδη</em></strong></span> <span class='ocrx_word' id='word_1_72' title='bbox 773 1096 827 1163; x_wconf 77' lang='grc' dir='ltr'><strong><em>ἐπὶ</em></strong></span> <span class='ocrx_word' id='word_1_73' title='bbox 841 1095 921 1174; x_wconf 81' lang='grc' dir='ltr'><strong><em>τοὺς</em></strong></span> <span class='ocrx_word' id='word_1_74' title='bbox 937 1103 1115 1183; x_wconf 85' lang='grc' dir='ltr'><strong><em>Κυπρίους</em></strong></span> 
     </span>
    </p>

    <p class='ocr_par' dir='ltr' id='par_1_3' title="bbox 114 1186 1116 1285">
     <span class='ocr_line' id='line_1_11' title="bbox 114 1186 1116 1285; baseline 0.005 -26"><span class='ocrx_word' id='word_1_75' title='bbox 114 1221 139 1260; x_wconf 88' lang='grc' dir='ltr'><strong><em>ω</em></strong></span> <span class='ocrx_word' id='word_1_76' title='bbox 152 1195 211 1262; x_wconf 85' lang='grc' dir='ltr'><strong><em>καὶ</em></strong></span> <span class='ocrx_word' id='word_1_77' title='bbox 231 1193 333 1280; x_wconf 77' lang='grc' dir='ltr'><strong><em>ἐγγύς</em></strong></span> <span class='ocrx_word' id='word_1_78' title='bbox 346 1197 407 1262; x_wconf 81' lang='grc' dir='ltr'><strong><em>τοῦ</em></strong></span> <span class='ocrx_word' id='word_1_79' title='bbox 422 1199 636 1283; x_wconf 77' lang='grc' dir='ltr'><strong><em>καθορᾶσθαι</em></strong></span> <span class='ocrx_word' id='word_1_80' title='bbox 652 1186 751 1282; x_wconf 80' lang='grc' dir='ltr'><strong><em>ἦσαν,</em></strong></span> <span class='ocrx_word' id='word_1_81' title='bbox 768 1196 843 1264; x_wconf 91' lang='grc' dir='ltr'><strong><em>τότε</em></strong></span> <span class='ocrx_word' id='word_1_82' title='bbox 856 1197 898 1282; x_wconf 82' lang='grc' dir='ltr'><strong><em>δή</em></strong></span> <span class='ocrx_word' id='word_1_83' title='bbox 917 1196 979 1277; x_wconf 81' lang='grc' dir='ltr'><strong><em>ξόν</em></strong></span> <span class='ocrx_word' id='word_1_84' title='bbox 996 1199 1061 1285; x_wconf 83' lang='grc' dir='ltr'><strong><em>βοῇ</em></strong></span> <span class='ocrx_word' id='word_1_85' title='bbox 1080 1223 1116 1264; x_wconf 89' lang='grc' dir='ltr'><strong><em>τε</em></strong></span> 
     </span>
    </p>

    <p class='ocr_par' dir='ltr' id='par_1_4' title="bbox 40 1294 1115 1487">
     <span class='ocr_line' id='line_1_12' title="bbox 40 1294 1115 1386; baseline 0.004 -24"><span class='ocrx_word' id='word_1_86' title='bbox 40 1367 42 1370; x_wconf 64' lang='grc'><strong><em>,</em></strong></span> <span class='ocrx_word' id='word_1_87' title='bbox 153 1299 262 1382; x_wconf 82' lang='grc' dir='ltr'><strong><em>πολλή</em></strong></span> <span class='ocrx_word' id='word_1_88' title='bbox 273 1297 331 1364; x_wconf 84' lang='grc' dir='ltr'><strong><em>καλ</em></strong></span> <span class='ocrx_word' id='word_1_89' title='bbox 343 1298 553 1385; x_wconf 81' lang='grc' dir='ltr'><strong><em>ἐγκελευσμῷ</em></strong></span> <span class='ocrx_word' id='word_1_90' title='bbox 570 1298 603 1374; x_wconf 85' lang='grc' dir='ltr'><strong><em>ές</em></strong></span> <span class='ocrx_word' id='word_1_91' title='bbox 613 1294 780 1382; x_wconf 78' lang='grc' dir='ltr'><strong><em>ἀλλήλους</em></strong></span> <span class='ocrx_word' id='word_1_92' title='bbox 789 1299 845 1365; x_wconf 81' lang='grc' dir='ltr'><strong><em>καὶ</em></strong></span> <span class='ocrx_word' id='word_1_93' title='bbox 857 1295 924 1384; x_wconf 80' lang='grc' dir='ltr'><strong><em>ἅμα</em></strong></span> <span class='ocrx_word' id='word_1_94' title='bbox 933 1299 974 1386; x_wconf 77' lang='grc' dir='ltr'><strong><em>τῇ</em></strong></span> <span class='ocrx_word' id='word_1_95' title='bbox 987 1305 1115 1386; x_wconf 79' lang='grc' dir='ltr'><strong><em>είρεσίᾳ</em></strong></span> 
     </span>
     <span class='ocr_line' id='line_1_13' title="bbox 153 1392 540 1487; baseline -0.003 -23"><span class='ocrx_word' id='word_1_96' title='bbox 153 1392 308 1487; x_wconf 79' lang='grc' dir='ltr'><strong><em>ξυντόνῳ</em></strong></span> <span class='ocrx_word' id='word_1_97' title='bbox 328 1398 540 1485; x_wconf 82' lang='grc' dir='ltr'><strong><em>ἐπεφέροντο.</em></strong></span> 
     </span>
    </p>

    <p class='ocr_par' dir='ltr' id='par_1_5' title="bbox 117 1497 1166 1990">
     <span class='ocr_line' id='line_1_14' title="bbox 230 1497 1166 1588; baseline 0.001 -23"><span class='ocrx_word' id='word_1_98' title='bbox 230 1498 363 1586; x_wconf 77' lang='grc' dir='ltr'><strong><em>Ξυνέβη</em></strong></span> <span class='ocrx_word' id='word_1_99' title='bbox 391 1497 429 1565; x_wconf 72' lang='grc' dir='ltr'><strong><em>δὲ</em></strong></span> <span class='ocrx_word' id='word_1_100' title='bbox 459 1499 569 1586; x_wconf 79' lang='grc' dir='ltr'><strong><em>ἐκείνη</em></strong></span> <span class='ocrx_word' id='word_1_101' title='bbox 599 1497 662 1584; x_wconf 71' lang='grc' dir='ltr'><strong><em>μὲν</em></strong></span> <span class='ocrx_word' id='word_1_102' title='bbox 691 1503 733 1586; x_wconf 81' lang='grc' dir='ltr'><strong><em>τῇ</em></strong></span> <span class='ocrx_word' id='word_1_103' title='bbox 756 1498 864 1588; x_wconf 83' lang='grc' dir='ltr'><strong><em>ἡμέρᾳ</em></strong></span> <span class='ocrx_word' id='word_1_104' title='bbox 893 1497 1166 1586; x_wconf 80' lang='grc' dir='ltr'><strong><em>Ἀλέξανδρον22</em></strong></span> 
     </span>
     <span class='ocr_line' id='line_1_15' title="bbox 153 1595 1114 1688; baseline 0.002 -23"><span class='ocrx_word' id='word_1_105' title='bbox 153 1597 369 1686; x_wconf 79' lang='grc' dir='ltr'><strong><em>ἀποχωρήσαι</em></strong></span> <span class='ocrx_word' id='word_1_106' title='bbox 384 1601 439 1666; x_wconf 78' lang='grc' dir='ltr'><strong><em>ἐπὶ</em></strong></span> <span class='ocrx_word' id='word_1_107' title='bbox 452 1599 513 1684; x_wconf 82' lang='grc' dir='ltr'><strong><em>τὴν</em></strong></span> <span class='ocrx_word' id='word_1_108' title='bbox 528 1599 667 1687; x_wconf 89' lang='grc' dir='ltr'><strong><em>σκηνήν,</em></strong></span> <span class='ocrx_word' id='word_1_109' title='bbox 682 1598 723 1668; x_wconf 84' lang='grc' dir='ltr'><strong><em>οό</em></strong></span> <span class='ocrx_word' id='word_1_110' title='bbox 738 1595 962 1688; x_wconf 76' lang='grc' dir='ltr'><strong><em>διατρίψαντα</em></strong></span> <span class='ocrx_word' id='word_1_111' title='bbox 977 1597 1015 1668; x_wconf 70' lang='grc' dir='ltr'><strong><em>δὲ</em></strong></span> <span class='ocrx_word' id='word_1_112' title='bbox 1029 1600 1114 1668; x_wconf 84' lang='grc' dir='ltr'><strong><em>κατὰ</em></strong></span> 
     </span>
     <span class='ocr_line' id='line_1_16' title="bbox 117 1697 1149 1788; baseline 0.005 -24"><span class='ocrx_word' id='word_1_113' title='bbox 117 1723 141 1764; x_wconf 84' lang='grc' dir='ltr'><strong><em>ιε</em></strong></span> <span class='ocrx_word' id='word_1_114' title='bbox 154 1699 192 1768; x_wconf 83' lang='grc' dir='ltr'><strong><em>τό</em></strong></span> <span class='ocrx_word' id='word_1_115' title='bbox 208 1699 349 1788; x_wconf 87' lang='grc' dir='ltr'><strong><em>είωθός,</em></strong></span> <span class='ocrx_word' id='word_1_116' title='bbox 374 1697 413 1767; x_wconf 88' lang='grc' dir='ltr'><strong><em>δι’</em></strong></span> <span class='ocrx_word' id='word_1_117' title='bbox 434 1697 553 1784; x_wconf 82' lang='grc' dir='ltr'><strong><em>ὀλίγον</em></strong></span> <span class='ocrx_word' id='word_1_118' title='bbox 574 1702 628 1768; x_wconf 83' lang='grc' dir='ltr'><strong><em>έπλ</em></strong></span> <span class='ocrx_word' id='word_1_119' title='bbox 653 1701 712 1780; x_wconf 83' lang='grc' dir='ltr'><strong><em>τάς</em></strong></span> <span class='ocrx_word' id='word_1_120' title='bbox 736 1706 822 1780; x_wconf 82' lang='grc' dir='ltr'><strong><em>ναός</em></strong></span> <span class='ocrx_word' id='word_1_121' title='bbox 843 1704 1052 1770; x_wconf 78' lang='grc' dir='ltr'><strong><em>ἐπανελθεῖν.</em></strong></span> <span class='ocrx_word' id='word_1_122' title='bbox 1081 1706 1149 1769; x_wconf 64' lang='lat'><strong><em>052</em></strong></span> 
     </span>
     <span class='ocr_line' id='line_1_17' title="bbox 155 1800 1116 1896; baseline 0 -28"><span class='ocrx_word' id='word_1_123' title='bbox 155 1801 195 1869; x_wconf 71' lang='grc' dir='ltr'><strong><em>δὲ</em></strong></span> <span class='ocrx_word' id='word_1_124' title='bbox 219 1801 333 1890; x_wconf 84' lang='grc' dir='ltr'><strong><em>Τόριοι</em></strong></span> <span class='ocrx_word' id='word_1_125' title='bbox 351 1801 595 1890; x_wconf 85' lang='grc' dir='ltr'><strong><em>προσπεσόντες</em></strong></span> <span class='ocrx_word' id='word_1_126' title='bbox 613 1800 871 1888; x_wconf 87' lang='grc' dir='ltr'><strong><em>άπροςδοκήτως</em></strong></span> <span class='ocrx_word' id='word_1_127' title='bbox 893 1817 968 1881; x_wconf 89' lang='grc' dir='ltr'><strong><em>ταῖς</em></strong></span> <span class='ocrx_word' id='word_1_128' title='bbox 990 1804 1116 1896; x_wconf 81' lang='grc' dir='ltr'><strong><em>ναυσὶν</em></strong></span> 
     </span>
     <span class='ocr_line' id='line_1_18' title="bbox 153 1901 1115 1990; baseline 0 -20"><span class='ocrx_word' id='word_1_129' title='bbox 153 1901 358 1989; x_wconf 81' lang='grc' dir='ltr'><strong><em>ὁρμούσαις,</em></strong></span> <span class='ocrx_word' id='word_1_130' title='bbox 378 1903 436 1970; x_wconf 83' lang='grc' dir='ltr'><strong><em>καὶ</em></strong></span> <span class='ocrx_word' id='word_1_131' title='bbox 453 1917 528 1980; x_wconf 91' lang='grc' dir='ltr'><strong><em>ταῖς</em></strong></span> <span class='ocrx_word' id='word_1_132' title='bbox 546 1901 609 1989; x_wconf 74' lang='grc' dir='ltr'><strong><em>μὲν</em></strong></span> <span class='ocrx_word' id='word_1_133' title='bbox 628 1901 736 1990; x_wconf 80' lang='grc' dir='ltr'><strong><em>πάντη</em></strong></span> <span class='ocrx_word' id='word_1_134' title='bbox 755 1917 869 1982; x_wconf 78' lang='grc' dir='ltr'><strong><em>κεναῖς</em></strong></span> <span class='ocrx_word' id='word_1_135' title='bbox 889 1903 1115 1988; x_wconf 84' lang='grc' dir='ltr'><strong><em>ἐπιτυχόντες,</em></strong></span> 
     </span>
    </p>

    <p class='ocr_par' dir='ltr' id='par_1_6' title="bbox 48 2001 1166 3508">
     <span class='ocr_line' id='line_1_19' title="bbox 48 2001 1115 2090; baseline -0.003 -16"><span class='ocrx_word' id='word_1_136' title='bbox 48 2063 53 2074; x_wconf 95' lang='grc'><strong><em>.</em></strong></span> <span class='ocrx_word' id='word_1_137' title='bbox 153 2007 223 2071; x_wconf 83' lang='grc' dir='ltr'><strong><em>τῶν</em></strong></span> <span class='ocrx_word' id='word_1_138' title='bbox 242 2001 273 2071; x_wconf 89' lang='grc' dir='ltr'><strong><em>δ’</em></strong></span> <span class='ocrx_word' id='word_1_139' title='bbox 293 2001 355 2072; x_wconf 75' lang='grc' dir='ltr'><strong><em>ὑπ’</em></strong></span> <span class='ocrx_word' id='word_1_140' title='bbox 376 2001 484 2088; x_wconf 81' lang='grc' dir='ltr'><strong><em>αὐτὴν</em></strong></span> <span class='ocrx_word' id='word_1_141' title='bbox 497 2003 558 2090; x_wconf 86' lang='grc' dir='ltr'><strong><em>τήν</em></strong></span> <span class='ocrx_word' id='word_1_142' title='bbox 576 2003 660 2090; x_wconf 81' lang='grc' dir='ltr'><strong><em>βοὴν</em></strong></span> <span class='ocrx_word' id='word_1_143' title='bbox 677 2005 735 2072; x_wconf 84' lang='grc' dir='ltr'><strong><em>καὶ</em></strong></span> <span class='ocrx_word' id='word_1_144' title='bbox 752 2003 814 2071; x_wconf 86' lang='grc' dir='ltr'><strong><em>τόν</em></strong></span> <span class='ocrx_word' id='word_1_145' title='bbox 829 2006 997 2072; x_wconf 79' lang='grc' dir='ltr'><strong><em>ἐπίπλουν</em></strong></span> <span class='ocrx_word' id='word_1_146' title='bbox 1015 2011 1115 2089; x_wconf 67' lang='grc' dir='ltr'><strong><em>χαλε</em></strong></span> 
     </span>
     <span class='ocr_line' id='line_1_20' title="bbox 155 2103 1115 2194; baseline 0.001 -21"><span class='ocrx_word' id='word_1_147' title='bbox 155 2109 227 2184; x_wconf 79' lang='grc' dir='ltr'><strong><em>πῶς</em></strong></span> <span class='ocrx_word' id='word_1_148' title='bbox 247 2107 368 2173; x_wconf 79' lang='grc' dir='ltr'><strong><em>ἐκτῶν</em></strong></span> <span class='ocrx_word' id='word_1_149' title='bbox 386 2103 565 2192; x_wconf 85' lang='grc' dir='ltr'><strong><em>παρόντων</em></strong></span> <span class='ocrx_word' id='word_1_150' title='bbox 589 2105 852 2194; x_wconf 84' lang='grc' dir='ltr'><strong><em>πληρουμένων,</em></strong></span> <span class='ocrx_word' id='word_1_151' title='bbox 876 2105 938 2192; x_wconf 88' lang='grc' dir='ltr'><strong><em>τήν</em></strong></span> <span class='ocrx_word' id='word_1_152' title='bbox 961 2129 997 2174; x_wconf 89' lang='grc' dir='ltr'><strong><em>τε</em></strong></span> <span class='ocrx_word' id='word_1_153' title='bbox 1016 2115 1115 2174; x_wconf 79' lang='grc' dir='ltr'><strong><em>Πνν·</em></strong></span> 
     </span>
     <span class='ocr_line' id='line_1_21' title="bbox 118 2205 1114 2295; baseline -0.001 -21"><span class='ocrx_word' id='word_1_154' title='bbox 118 2233 143 2274; x_wconf 82' lang='grc' dir='ltr'><strong><em>ιο</em></strong></span> <span class='ocrx_word' id='word_1_155' title='bbox 154 2205 303 2295; x_wconf 75' lang='grc' dir='ltr'><strong><em>ταγόρου</em></strong></span> <span class='ocrx_word' id='word_1_156' title='bbox 317 2211 378 2274; x_wconf 82' lang='grc' dir='ltr'><strong><em>τοῦ</em></strong></span> <span class='ocrx_word' id='word_1_157' title='bbox 392 2207 555 2294; x_wconf 86' lang='grc' dir='ltr'><strong><em>βασιλέως</em></strong></span> <span class='ocrx_word' id='word_1_158' title='bbox 569 2205 715 2294; x_wconf 82' lang='grc' dir='ltr'><strong><em>πεντήρη</em></strong></span> <span class='ocrx_word' id='word_1_159' title='bbox 734 2206 842 2286; x_wconf 84' lang='grc' dir='ltr'><strong><em>εόθδς</em></strong></span> <span class='ocrx_word' id='word_1_160' title='bbox 855 2205 926 2275; x_wconf 84' lang='grc' dir='ltr'><strong><em>όπὸ</em></strong></span> <span class='ocrx_word' id='word_1_161' title='bbox 940 2233 980 2295; x_wconf 79' lang='grc' dir='ltr'><strong><em>τη</em></strong></span> <span class='ocrx_word' id='word_1_162' title='bbox 997 2206 1114 2294; x_wconf 76' lang='grc' dir='ltr'><strong><em>προότη</em></strong></span> 
     </span>
     <span class='ocr_line' id='line_1_22' title="bbox 157 2306 1115 2396; baseline -0.001 -20"><span class='ocrx_word' id='word_1_163' title='bbox 157 2311 280 2395; x_wconf 76' lang='grc' dir='ltr'><strong><em>ἐμβολή</em></strong></span> <span class='ocrx_word' id='word_1_164' title='bbox 296 2309 486 2376; x_wconf 79' lang='grc' dir='ltr'><strong><em>κατέδυσαν</em></strong></span> <span class='ocrx_word' id='word_1_165' title='bbox 504 2309 561 2375; x_wconf 82' lang='grc' dir='ltr'><strong><em>καὶ</em></strong></span> <span class='ocrx_word' id='word_1_166' title='bbox 584 2307 647 2392; x_wconf 84' lang='grc' dir='ltr'><strong><em>τήν</em></strong></span> <span class='ocrx_word' id='word_1_167' title='bbox 668 2306 910 2396; x_wconf 76' lang='grc' dir='ltr'><strong><em>Ἀνδροκλέους</em></strong></span> <span class='ocrx_word' id='word_1_168' title='bbox 928 2312 989 2376; x_wconf 83' lang='grc' dir='ltr'><strong><em>τοῦ</em></strong></span> <span class='ocrx_word' id='word_1_169' title='bbox 1011 2307 1115 2395; x_wconf 88' lang='grc' dir='ltr'><strong><em>Ἀμα-</em></strong></span> 
     </span>
     <span class='ocr_line' id='line_1_23' title="bbox 154 2406 1115 2498; baseline -0.001 -22"><span class='ocrx_word' id='word_1_170' title='bbox 154 2417 302 2477; x_wconf 88' lang='grc' dir='ltr'><strong><em>θουσίου</em></strong></span> <span class='ocrx_word' id='word_1_171' title='bbox 325 2411 382 2476; x_wconf 84' lang='grc' dir='ltr'><strong><em>καὶ</em></strong></span> <span class='ocrx_word' id='word_1_172' title='bbox 406 2409 469 2494; x_wconf 84' lang='grc' dir='ltr'><strong><em>τήν</em></strong></span> <span class='ocrx_word' id='word_1_173' title='bbox 494 2409 730 2496; x_wconf 87' lang='grc' dir='ltr'><strong><em>Πασικράτους</em></strong></span> <span class='ocrx_word' id='word_1_174' title='bbox 755 2411 816 2477; x_wconf 83' lang='grc' dir='ltr'><strong><em>τοῦ</em></strong></span> <span class='ocrx_word' id='word_1_175' title='bbox 841 2406 1030 2498; x_wconf 82' lang='grc' dir='ltr'><strong><em>Κουριέως,</em></strong></span> <span class='ocrx_word' id='word_1_176' title='bbox 1054 2407 1115 2486; x_wconf 82' lang='grc' dir='ltr'><strong><em>τάς</em></strong></span> 
     </span>
     <span class='ocr_line' id='line_1_24' title="bbox 156 2505 1019 2596; baseline -0.001 -20"><span class='ocrx_word' id='word_1_177' title='bbox 156 2508 194 2577; x_wconf 71' lang='grc' dir='ltr'><strong><em>δέ</em></strong></span> <span class='ocrx_word' id='word_1_178' title='bbox 212 2505 315 2588; x_wconf 77' lang='grc' dir='ltr'><strong><em>άλλας</em></strong></span> <span class='ocrx_word' id='word_1_179' title='bbox 336 2512 368 2588; x_wconf 83' lang='grc' dir='ltr'><strong><em>ές</em></strong></span> <span class='ocrx_word' id='word_1_180' title='bbox 386 2509 447 2577; x_wconf 83' lang='grc' dir='ltr'><strong><em>τόν</em></strong></span> <span class='ocrx_word' id='word_1_181' title='bbox 465 2509 622 2596; x_wconf 78' lang='grc' dir='ltr'><strong><em>αἰγιαλόν</em></strong></span> <span class='ocrx_word' id='word_1_182' title='bbox 641 2511 848 2589; x_wconf 76' lang='grc' dir='ltr'><strong><em>ἐξωθοῦντες</em></strong></span> <span class='ocrx_word' id='word_1_183' title='bbox 869 2515 1019 2578; x_wconf 84' lang='grc' dir='ltr'><strong><em>ἔκοπτον.</em></strong></span> 
     </span>
     <span class='ocr_line' id='line_1_25' title="bbox 227 2606 1150 2700; baseline 0.001 -22"><span class='ocrx_word' id='word_1_184' title='bbox 227 2606 446 2700; x_wconf 77' lang='grc' dir='ltr'><strong><em>Ἀλέξανδρος</em></strong></span> <span class='ocrx_word' id='word_1_185' title='bbox 461 2614 498 2678; x_wconf 90' lang='grc' dir='ltr'><strong><em>δε</em></strong></span> <span class='ocrx_word' id='word_1_186' title='bbox 509 2609 558 2690; x_wconf 72' lang='grc' dir='ltr'><strong><em>ὥς</em></strong></span> <span class='ocrx_word' id='word_1_187' title='bbox 575 2608 701 2699; x_wconf 84' lang='grc' dir='ltr'><strong><em>ᾔσθετο</em></strong></span> <span class='ocrx_word' id='word_1_188' title='bbox 714 2611 775 2678; x_wconf 87' lang='grc' dir='ltr'><strong><em>τόν</em></strong></span> <span class='ocrx_word' id='word_1_189' title='bbox 792 2617 939 2679; x_wconf 76' lang='grc' dir='ltr'><strong><em>ἔκπλουν</em></strong></span> <span class='ocrx_word' id='word_1_190' title='bbox 956 2615 1025 2678; x_wconf 80' lang='grc' dir='ltr'><strong><em>τῶν</em></strong></span> <span class='ocrx_word' id='word_1_191' title='bbox 1045 2612 1150 2679; x_wconf 67' lang='grc' dir='ltr'><strong><em>Ἔτι-’3</em></strong></span> 
     </span>
     <span class='ocr_line' id='line_1_26' title="bbox 118 2709 1115 2801; baseline 0.003 -26"><span class='ocrx_word' id='word_1_192' title='bbox 118 2735 144 2776; x_wconf 81' lang='grc' dir='ltr'><strong><em>ει</em></strong></span> <span class='ocrx_word' id='word_1_193' title='bbox 158 2718 241 2797; x_wconf 91' lang='grc' dir='ltr'><strong><em>ρίων</em></strong></span> <span class='ocrx_word' id='word_1_194' title='bbox 258 2715 416 2801; x_wconf 78' lang='grc' dir='ltr'><strong><em>τριηρῶν,</em></strong></span> <span class='ocrx_word' id='word_1_195' title='bbox 433 2710 491 2791; x_wconf 76' lang='grc' dir='ltr'><strong><em>τὰς</em></strong></span> <span class='ocrx_word' id='word_1_196' title='bbox 508 2711 571 2799; x_wconf 71' lang='grc' dir='ltr'><strong><em>μὲν</em></strong></span> <span class='ocrx_word' id='word_1_197' title='bbox 590 2711 716 2790; x_wconf 84' lang='grc' dir='ltr'><strong><em>πολλάς</em></strong></span> <span class='ocrx_word' id='word_1_198' title='bbox 734 2715 802 2780; x_wconf 79' lang='grc' dir='ltr'><strong><em>τῶν</em></strong></span> <span class='ocrx_word' id='word_1_199' title='bbox 820 2711 884 2792; x_wconf 79' lang='grc' dir='ltr'><strong><em>ξόν</em></strong></span> <span class='ocrx_word' id='word_1_200' title='bbox 902 2709 995 2800; x_wconf 78' lang='grc' dir='ltr'><strong><em>αὐτῷ</em></strong></span> <span class='ocrx_word' id='word_1_201' title='bbox 1013 2714 1115 2796; x_wconf 82' lang='grc' dir='ltr'><strong><em>νεῶν,</em></strong></span> 
     </span>
     <span class='ocr_line' id='line_1_27' title="bbox 155 2804 1115 2902; baseline -0.001 -23"><span class='ocrx_word' id='word_1_202' title='bbox 155 2804 381 2900; x_wconf 79' lang='grc' dir='ltr'><strong><em>ότιως’έκάστη</em></strong></span> <span class='ocrx_word' id='word_1_203' title='bbox 393 2819 601 2901; x_wconf 85' lang='grc' dir='ltr'><strong><em>πληρωθείη,</em></strong></span> <span class='ocrx_word' id='word_1_204' title='bbox 621 2813 676 2880; x_wconf 81' lang='grc' dir='ltr'><strong><em>ἐπὶ</em></strong></span> <span class='ocrx_word' id='word_1_205' title='bbox 690 2815 736 2902; x_wconf 74' lang='grc' dir='ltr'><strong><em>τῷ</em></strong></span> <span class='ocrx_word' id='word_1_206' title='bbox 753 2812 890 2898; x_wconf 89' lang='grc' dir='ltr'><strong><em>στόματι</em></strong></span> <span class='ocrx_word' id='word_1_207' title='bbox 902 2816 963 2880; x_wconf 80' lang='grc' dir='ltr'><strong><em>τοῦ</em></strong></span> <span class='ocrx_word' id='word_1_208' title='bbox 983 2813 1115 2898; x_wconf 87' lang='grc' dir='ltr'><strong><em>λιμένος</em></strong></span> 
     </span>
     <span class='ocr_line' id='line_1_28' title="bbox 155 2910 1115 3001; baseline -0.002 -21"><span class='ocrx_word' id='word_1_209' title='bbox 155 2911 380 3000; x_wconf 86' lang='grc' dir='ltr'><strong><em>άνακωχεόειυ</em></strong></span> <span class='ocrx_word' id='word_1_210' title='bbox 405 2912 537 3001; x_wconf 80' lang='grc' dir='ltr'><strong><em>ἔταξεν,</em></strong></span> <span class='ocrx_word' id='word_1_211' title='bbox 564 2912 610 2992; x_wconf 75' lang='grc' dir='ltr'><strong><em>τός</em></strong></span> <span class='ocrx_word' id='word_1_212' title='bbox 635 2912 679 3000; x_wconf 82' lang='grc' dir='ltr'><strong><em>μή</em></strong></span> <span class='ocrx_word' id='word_1_213' title='bbox 698 2911 755 2980; x_wconf 79' lang='grc' dir='ltr'><strong><em>καὶ</em></strong></span> <span class='ocrx_word' id='word_1_214' title='bbox 774 2910 872 2980; x_wconf 78' lang='grc' dir='ltr'><strong><em>ἄλλαι</em></strong></span> <span class='ocrx_word' id='word_1_215' title='bbox 896 2911 1115 2982; x_wconf 85' lang='grc' dir='ltr'><strong><em>έκπλεόσειαν</em></strong></span> 
     </span>
     <span class='ocr_line' id='line_1_29' title="bbox 154 3007 1116 3104; baseline -0.002 -22"><span class='ocrx_word' id='word_1_216' title='bbox 154 3017 222 3082; x_wconf 81' lang='grc' dir='ltr'><strong><em>τῶν</em></strong></span> <span class='ocrx_word' id='word_1_217' title='bbox 253 3021 388 3104; x_wconf 90' lang='grc' dir='ltr'><strong><em>Τυρίων</em></strong></span> <span class='ocrx_word' id='word_1_218' title='bbox 412 3019 505 3102; x_wconf 79' lang='grc' dir='ltr'><strong><em>νῆες’</em></strong></span> <span class='ocrx_word' id='word_1_219' title='bbox 538 3013 643 3093; x_wconf 87' lang='grc' dir='ltr'><strong><em>αότός</em></strong></span> <span class='ocrx_word' id='word_1_220' title='bbox 669 3011 708 3082; x_wconf 73' lang='grc' dir='ltr'><strong><em>δέ</em></strong></span> <span class='ocrx_word' id='word_1_221' title='bbox 726 3007 898 3102; x_wconf 83' lang='grc' dir='ltr'><strong><em>πεντήρεις</em></strong></span> <span class='ocrx_word' id='word_1_222' title='bbox 915 3039 951 3082; x_wconf 89' lang='grc' dir='ltr'><strong><em>τε</em></strong></span> <span class='ocrx_word' id='word_1_223' title='bbox 968 3013 1027 3092; x_wconf 82' lang='grc' dir='ltr'><strong><em>τὰς</em></strong></span> <span class='ocrx_word' id='word_1_224' title='bbox 1051 3013 1116 3094; x_wconf 78' lang='grc' dir='ltr'><strong><em>ξόν</em></strong></span> 
     </span>
     <span class='ocr_line' id='line_1_30' title="bbox 155 3109 1115 3206; baseline 0 -24"><span class='ocrx_word' id='word_1_225' title='bbox 155 3111 248 3206; x_wconf 75' lang='grc' dir='ltr'><strong><em>αὐτῷ</em></strong></span> <span class='ocrx_word' id='word_1_226' title='bbox 267 3113 448 3204; x_wconf 82' lang='grc' dir='ltr'><strong><em>άναλαβάν</em></strong></span> <span class='ocrx_word' id='word_1_227' title='bbox 465 3117 522 3184; x_wconf 78' lang='grc' dir='ltr'><strong><em>καὶ</em></strong></span> <span class='ocrx_word' id='word_1_228' title='bbox 540 3119 609 3184; x_wconf 82' lang='grc' dir='ltr'><strong><em>τῶν</em></strong></span> <span class='ocrx_word' id='word_1_229' title='bbox 626 3119 771 3204; x_wconf 79' lang='grc' dir='ltr'><strong><em>τριηρῶν</em></strong></span> <span class='ocrx_word' id='word_1_230' title='bbox 791 3118 824 3194; x_wconf 87' lang='grc' dir='ltr'><strong><em>ές</em></strong></span> <span class='ocrx_word' id='word_1_231' title='bbox 843 3115 942 3184; x_wconf 89' lang='grc' dir='ltr'><strong><em>πέντε</em></strong></span> <span class='ocrx_word' id='word_1_232' title='bbox 959 3109 1115 3202; x_wconf 86' lang='grc' dir='ltr'><strong><em>μάλιστα,</em></strong></span> 
     </span>
     <span class='ocr_line' id='line_1_31' title="bbox 68 3213 1117 3306; baseline 0 -24"><span class='ocrx_word' id='word_1_233' title='bbox 68 3243 71 3252; x_wconf 71' lang='grc'><em>’</em></span> <span class='ocrx_word' id='word_1_234' title='bbox 120 3240 143 3281; x_wconf 87' lang='grc' dir='ltr'><strong><em>ω</em></strong></span> <span class='ocrx_word' id='word_1_235' title='bbox 156 3213 231 3284; x_wconf 83' lang='grc' dir='ltr'><strong><em>ὅσαι</em></strong></span> <span class='ocrx_word' id='word_1_236' title='bbox 246 3219 400 3305; x_wconf 80' lang='grc' dir='ltr'><strong><em>ἔφθησαν</em></strong></span> <span class='ocrx_word' id='word_1_237' title='bbox 419 3215 511 3306; x_wconf 79' lang='grc' dir='ltr'><strong><em>αὐτῷ</em></strong></span> <span class='ocrx_word' id='word_1_238' title='bbox 530 3216 615 3284; x_wconf 78' lang='grc' dir='ltr'><strong><em>κατὰ</em></strong></span> <span class='ocrx_word' id='word_1_239' title='bbox 627 3215 727 3302; x_wconf 86' lang='grc' dir='ltr'><strong><em>τάχος</em></strong></span> <span class='ocrx_word' id='word_1_240' title='bbox 746 3224 988 3306; x_wconf 86' lang='grc' dir='ltr'><strong><em>πληρωθεῖσαι,</em></strong></span> <span class='ocrx_word' id='word_1_241' title='bbox 1003 3217 1117 3300; x_wconf 79' lang='grc' dir='ltr'><strong><em>περιέ-</em></strong></span> 
     </span>
     <span class='ocr_line' id='line_1_32' title="bbox 157 3315 1116 3405; baseline -0.003 -20"><span class='ocrx_word' id='word_1_242' title='bbox 157 3324 237 3405; x_wconf 28' lang='grc' dir='ltr'><strong><em>πλει,</em></strong></span> <span class='ocrx_word' id='word_1_243' title='bbox 254 3317 317 3404; x_wconf 86' lang='grc' dir='ltr'><strong><em>τήν</em></strong></span> <span class='ocrx_word' id='word_1_244' title='bbox 348 3317 446 3386; x_wconf 87' lang='grc' dir='ltr'><strong><em>πόλιν</em></strong></span> <span class='ocrx_word' id='word_1_245' title='bbox 474 3315 531 3396; x_wconf 78' lang='grc' dir='ltr'><strong><em>ως</em></strong></span> <span class='ocrx_word' id='word_1_246' title='bbox 552 3319 606 3385; x_wconf 83' lang='grc' dir='ltr'><strong><em>ἐπὶ</em></strong></span> <span class='ocrx_word' id='word_1_247' title='bbox 636 3316 718 3396; x_wconf 80' lang='grc' dir='ltr'><strong><em>τούς</em></strong></span> <span class='ocrx_word' id='word_1_248' title='bbox 747 3317 1015 3396; x_wconf 78' lang='grc' dir='ltr'><strong><em>ἐκπεπλευκότας</em></strong></span> <span class='ocrx_word' id='word_1_249' title='bbox 1046 3319 1116 3383; x_wconf 82' lang='grc' dir='ltr'><strong><em>τῶν</em></strong></span> 
     </span>
     <span class='ocr_line' id='line_1_33' title="bbox 161 3416 1166 3508; baseline -0.008 -22"><span class='ocrx_word' id='word_1_250' title='bbox 161 3425 305 3508; x_wconf 86' lang='grc' dir='ltr'><strong><em>Τυρίων.</em></strong></span> <span class='ocrx_word' id='word_1_251' title='bbox 341 3423 377 3488; x_wconf 86' lang='grc' dir='ltr'><strong><em>οί</em></strong></span> <span class='ocrx_word' id='word_1_252' title='bbox 393 3423 429 3488; x_wconf 89' lang='grc' dir='ltr'><strong><em>δε</em></strong></span> <span class='ocrx_word' id='word_1_253' title='bbox 447 3416 514 3487; x_wconf 83' lang='grc' dir='ltr'><strong><em>άπὸ</em></strong></span> <span class='ocrx_word' id='word_1_254' title='bbox 539 3421 600 3486; x_wconf 83' lang='grc' dir='ltr'><strong><em>τοῦ</em></strong></span> <span class='ocrx_word' id='word_1_255' title='bbox 625 3425 778 3505; x_wconf 81' lang='grc' dir='ltr'><strong><em>τείχους,</em></strong></span> <span class='ocrx_word' id='word_1_256' title='bbox 802 3419 862 3487; x_wconf 93' lang='grc' dir='ltr'><strong><em>τόν</em></strong></span> <span class='ocrx_word' id='word_1_257' title='bbox 886 3445 922 3486; x_wconf 90' lang='grc' dir='ltr'><strong><em>τε</em></strong></span> <span class='ocrx_word' id='word_1_258' title='bbox 947 3421 1115 3486; x_wconf 79' lang='grc' dir='ltr'><strong><em>ἐπίπλουν</em></strong></span> <span class='ocrx_word' id='word_1_259' title='bbox 1130 3431 1166 3478; x_wconf 80' lang='lat'><strong><em>4·</em></strong></span> 
     </span>
    </p>
   </div>
   <div class='ocr_carea' id='block_1_3' title="bbox 0 0 1317 3924">
    <p class='ocr_par' dir='ltr' id='par_1_7' title="bbox 0 0 1317 3924">
     <span class='ocr_line' id='line_1_34' title="bbox 0 0 1317 3924; baseline 0 0"><span class='ocrx_word' id='word_1_260' title='bbox 0 0 1317 3924; x_wconf 95' lang='lat' dir='ltr'><strong><em> </em></strong></span> 
     </span>
    </p>
   </div>
  </div>
 </body>
</html>
