2632 3922
483 141 668 192 ΑΝΑΒΑΣΙΣ
686 144 717 206 ε,
736 143 777 193 τε.
1042 140 1112 206 239

137 297 325 368 κινδύνων.
372 297 458 366 ἀλλὰ
477 306 723 386 παραμείνατε,
757 297 880 386 ἀνδρες
907 299 1106 382 Μακεδόνες

99 427 101 434 ⁴
138 401 197 466 καὶ
220 392 396 485 ξύμμαχοι.
451 399 650 468 πονούντων
675 427 725 468 τοι
750 402 807 468 καὶ
834 401 1105 476 κινδυνευόντων

136 500 179 566 τά
213 497 298 566 καλά
332 505 430 588 ἔργα,
465 501 522 568 καὶ
555 503 612 587 ζῆν
644 527 680 570 τε
712 498 777 580 ξῦν
809 499 911 589 ἀρετῇ
944 501 1011 588 ἡδύ
1047 503 1104 570 καὶ

138 599 367 686 ἀποθνήσκειν
381 601 477 680 κλέος
491 598 666 670 ἀθάνατον
680 599 977 690 ὑπολειπομένους,
1005 599 1026 689 ἢ
1041 602 1104 670 οὐκ
1122 625 1143 672 ο

93 715 109 756 ⁵
139 711 211 770 ίστε
223 697 273 768 ότι
291 693 309 767 δ
328 701 495 788 πρόγονος
513 701 531 768 ὁ
549 700 708 789 ἡμέτερος
726 699 789 770 οῦκ
804 705 841 770 ἐν
861 709 1007 788 Τίρυνθι
1022 700 1104 772 οῦδὲ

126 798 256 890 Ἄργει,
283 799 358 870 ἀλλ’
385 795 467 870 ου’δὲ
486 805 523 870 έν
538 803 791 894 Πελοποννήσῳ
809 797 830 889 ἢ
849 803 974 890 Θήβαις
991 805 1103 892 μένων

138 905 174 981 ἐς
200 901 342 970 τοσόνδε
367 904 463 985 κλέος
489 894 596 988 ἦλθεν
623 901 668 982 ῦς
686 903 767 982 θεός
787 906 819 985 ἐξ
838 901 1026 993 ἄνθρωπον
1044 931 1103 992 γε·

136 1003 258 1072 νέσθαι
275 999 296 1088 ἢ
314 1005 453 1086 Ιδοιιεῖν;
480 999 521 1072 ού
544 1003 608 1090 μέν
626 1005 666 1090 δὴ
685 1003 767 1072 οῦδὲ
786 1004 973 1093 Διονύσον,
999 1003 1103 1094 ἀκρο-

138 1103 239 1191 τέρον
265 1103 389 1172 τούτου
408 1110 494 1172 θεοῦ
519 1100 541 1190 ἢ
558 1103 639 1173 καθ’
656 1103 835 1194 Ἡρακλέα,
861 1103 971 1193 ὀλίγοι
989 1106 1104 1178 πόνοι.

96 1231 124 1270 ιο
140 1201 225 1272 ἀλλά
251 1202 347 1291 ἡμεῖς
365 1206 477 1290 γεκαὶ
503 1202 555 1272 ἐπ’
586 1208 698 1274 ἐκεῖνα
714 1207 772 1293 τῆς
791 1206 909 1294 Νύσης
927 1205 1104 1295 ἀφίγμεθα

137 1307 196 1374 καὶ
222 1303 402 1392 η”Αορνος
429 1307 534 1392 πέτρα
553 1303 574 1392 ἡ
592 1309 638 1396 τῷ
653 1303 812 1394 Ἠρακλεῖ
827 1305 999 1388 ἀνάλωτος
1017 1307 1102 1396 πρός

137 1403 234 1493 ἡμῶν
261 1411 376 1492 έγεται.
429 1404 527 1494 ῦμείς
554 1405 592 1474 δὲ
618 1408 674 1474 καὶ
700 1405 742 1474 τά
771 1413 820 1476 ἔτι
844 1405 1017 1478 ῦπόλοιπα
1042 1413 1141 1496 τῆςο

134 1503 250 1587 Ἀσίας
276 1507 441 1595 πρόσθετε
458 1522 540 1586 τοῖς·
555 1505 620 1594 ἤδη
638 1509 849 1596 κεκτημένοις
867 1511 925 1577 καὶ
944 1507 984 1576 τά
1003 1507 1103 1597 ὀλίγα

137 1623 207 1688 τοῖς
232 1615 379 1688 πολλοῖς.
408 1609 480 1676 ἐπεὶ
506 1607 564 1676 καὶ
586 1606 669 1695 ἡμῖν
687 1607 804 1688 αὐτοῖς
822 1615 857 1676 τί
872 1603 916 1677 ἀν
934 1611 1019 1697 μέγα
1045 1613 1103 1680 καί

98 1734 124 1774 15
137 1709 243 1778 καλόν
277 1709 538 1796 κατεπέπρακτο,
565 1716 598 1778 εί
624 1713 661 1778 ἐν
687 1713 888 1800 Μακεδονίᾳ
919 1709 1106 1798 καθήμενοι

140 1809 257 1880 ίκαυδν
286 1810 491 1895 ἐποιούμεθα
517 1807 654 1888 ἀπόνως
680 1809 742 1896 τὴν
770 1817 899 1880 οἰκείαν
918 1812 1103 1898 διασώζειν,

139 1917 274 1996 Θράκας
299 1911 381 1990 τοῦς
401 1905 549 1999 ὁμόρους
566 1907 587 1998 ἢ
602 1909 787 1998 Ἰλλυριούς
805 1907 826 1997 ἢ
850 1911 1060 1999 Τριβαλλούς
1081 1909 1103 2000 ἢ

137 2014 195 2082 καὶ
220 2017 289 2080 τῶν
303 2009 472 2097 Ἑλλήνων
499 2009 571 2080 ὅσοι
597 2009 661 2080 οῦκ
689 2011 865 2098 ἐπιτήδειοι
892 2015 926 2092 ἐς
951 2010 993 2082 τά
1019 2011 1103 2100 ἡμέ-

136 2109 217 2203 ’τερα
242 2111 519 2195 ἀναστέλλοντες;

99 2241 126 2280 τε
216 2222 262 2284 El
286 2213 349 2301 μέν
376 2212 417 2300 δὴ
445 2212 532 2301 ῦμᾶς
556 2219 746 2293 πονοῦντας
763 2213 821 2282 καὶ
839 2214 1140 2296 κινδυνεύονταςτ

138 2313 249 2394 αὐτὸς,
260 2313 395 2394 ἀπόνως
408 2317 465 2383 καὶ
479 2314 668 2395 ἀκινδύνως
688 2313 910 2403 ἐξηγούμενος
927 2305 1024 2404 ἦγον,
1038 2315 1102 2384 οῦκ
1163 2399 1166 2403 .

138 2413 320 2494 ἀπεικότως
343 2411 386 2482 διν
404 2416 628 2504 προεκάμνετε
651 2431 725 2494 ταῖς
748 2416 916 2503 γνάμαις,
944 2419 1014 2484 τῦν
1039 2415 1102 2502 μέν

139 2516 255 2584 πόνων
272 2515 388 2604 μόνοις
405 2515 490 2603 ύμῖν
506 2515 622 2604 μετόν,
639 2515 732 2584 τάδέ
750 2507 841 2584 ἆθλα
855 2513 970 2586 αὐτῶν
989 2512 1102 2597 ἀλλοις

10 2537 15 2718 δ
140 2619 405 2704 περιποιοῦντες·
444 2622 512 2684 νῦν
539 2617 577 2684 δὲ
603 2619 709 2685 κοινοὶ
735 2616 798 2704 μέν
823 2615 905 2704 ἡμῖν
932 2620 968 2686 οί
991 2617 1101 2703 πόνοι,

101 2741 126 2782 τε
142 2727 216 2786 ίσον
234 2716 271 2786 δὲ
289 2717 418 2802 μέτεστι
434 2719 502 2784 τῶν
520 2715 704 2802 κινδύνων,
729 2716 771 2784 τά
789 2715 827 2784 δὲ
848 2709 937 2786 ἀθλα
955 2719 992 2786 έν
1009 2720 1101 2808 μέσῳ

138 2832 244 2886 κεῖται
269 2815 446 2904 ξύμπασιν.
484 2813 506 2903 ἥ
522 2843 557 2886 τε
574 2817 639 2905 γὰρ
657 2816 749 2905 χώρα
766 2815 911 2906 ῦμετέρα
929 2818 983 2886 καὶ
1003 2815 1100 2904 ῦμείς
1118 2847 1138 2896 8

138 2917 244 3004 αὐτῆς
270 2916 504 3006 σατραπεύετε.
556 2921 706 2988 καὶτῶν
732 2917 912 3005 χρημάτων
937 2918 975 2986 τό
1001 2919 1102 3006 μέρος

138 3023 204 3088 νῦν
230 3046 265 3088 τε
292 3020 326 3098 ές
352 3014 441 3106 ῦμάς
466 3019 505 3088 τό
523 3021 610 3088 πολύ
631 3026 760 3108 ἔρχεται
776 3020 834 3087 καὶ
852 3017 987 3087 έπειδάν
1006 3021 1101 3099 ἐπεξ·

140 3123 292 3208 έλθωμεν
318 3117 383 3205 τὴν
406 3119 540 3206 Ἀσίαν,
572 3119 647 3188 τότε
674 3118 739 3189 οῦκ
766 3119 936 3208 ἐμπλήσας
962 3119 1006 3207 μά
1031 3127 1101 3190 Δία

100 3221 245 3309 εοῦμάς,
277 3219 364 3288 ἀλλά
395 3221 452 3290 καὶ
485 3219 689 3307 ὑπερβαλόν
721 3217 783 3289 ὅσα
811 3224 950 3300 ἕκαστος
977 3223 1103 3304 ἐλπίζοι

139 3321 252 3407 ἀγαθά
280 3329 415 3392 έσεσθαι
440 3321 521 3400 τοῦς
547 3321 610 3408 μέν
636 3319 769 3389 ἀπιέναι
787 3327 902 3390 ολκαδε
920 3321 1108 3400 ἐθέλοντας

139 3431 188 3501 εἰς
213 3421 276 3512 την
303 3432 432 3496 οίκείαν
450 3421 638 3512 ἀποπέμψω
655 3417 676 3510 ἢ
696 3420 848 3504 ἐπανάξω
867 3420 985 3504 αῦτός·
1019 3420 1102 3501 τοῦς
