2546 3920
213 123 279 192 292
324 159 335 182 .
573 121 827 184 ιΔυΞευεΡου

215 281 412 372 βιάσασθαι,
430 282 558 370 γνόντα
573 283 756 372 ἐλεόθερον
773 281 854 352 ὄντα
868 284 929 352 τόν
942 281 1070 373 ἀνδρα·
1100 285 1183 355 ἀλλά

215 382 378 454 Κάλανον
403 384 470 471 γάρ
503 382 750 470 ἀναπεισθῆναι
774 387 844 454 τῶν
865 383 973 474 ταότη
1000 392 1184 473 σοφιστῶν,

215 481 331 553 ὅντινα
362 483 504 572 μάλιστα
535 484 577 572 δῆ
611 483 719 554 αὑτοῦ
752 483 922 574 ἀκράτορα
955 488 1184 573 Μεγασθένης

215 583 408 672 ἀνέγραψεν
432 582 558 665 αότοδς
580 584 662 666 τούς
681 585 842 672 σοφιστάς
861 588 971 672 λέγειν
988 593 1184 670 κακιζοντας

214 686 274 756 τόυ
292 687 452 756 Κάλανον
477 683 527 754 ότι
544 685 721 756 ἀπολιπών
738 686 802 774 τὴν
819 685 911 775 παρά
930 693 1048 775 σφίσιν
1068 685 1205 757 εὕδοι-ε

214 794 350 876 μονίαν,
367 785 385 854 ὁ
404 786 442 856 δὲ
459 787 624 876 δεσπότην
642 785 747 856 ἀλλον
769 783 791 875 ἢ
809 785 968 856 τὸνθεόν
986 789 1184 877 ἐθεράπευε.
1252 879 1253 884 ¹

178 896 200 960 3
297 889 409 957 Ταῦτα
436 888 501 972 ἐγώ
529 887 717 977 ἀνέγραψα,
746 887 797 956 ὅτι
822 888 879 956 καὶ
904 887 993 978 ὑπὲρ
1021 890 1185 959 Καλάνου
1252 905 1253 982 ᾖ

216 993 318 1078 ἐχρῆν
345 995 453 1059 εἰπεῖν
486 992 523 1058 ἐν
549 993 590 1077 τῆ
622 988 699 1077 περὶ
730 987 952 1076 Ἀλεξάνδρου
983 989 1186 1080 ξυγγραφῆ·
1252 985 1253 1040 ί

214 1095 462 1178 μαλακισθῆναι
489 1087 555 1176 γάρ
573 1115 604 1157 τι
620 1094 667 1180 τῷ
686 1085 812 1184 σάματι
828 1087 890 1158 τὸν
906 1089 1070 1160 Κάλανον
1089 1094 1128 1160 ἐν
1146 1097 1188 1180 τῆ

215 1195 357 1279 Περσίδι
374 1195 432 1280 γῆ,
446 1186 542 1260 οὔπω
560 1189 711 1276 πρόσθεν
724 1189 930 1278 νοσήσαντα·
957 1189 1090 1261 οὔκουν
1104 1191 1188 1260 οὐδὲ
1200 1221 1218 1258 υ

215 1297 348 1361 δίαιταν
367 1294 557 1362 διαιτᾶσθαι
576 1292 706 1360 ἐθέλειν
724 1288 901 1380 ἀρρώστου
929 1287 1070 1380 ἀνδρός,
1099 1287 1187 1361 ἀλλά
1252 1287 1253 1290 “

216 1398 324 1462 εἰπεῖν
359 1391 425 1478 γάρ
457 1392 541 1481 πρὸς
564 1389 804 1481 Ἀλέξανδρον,
836 1397 947 1472 καλῶς
973 1390 1070 1485 αὐτῷ
1099 1399 1189 1480 ἔχειν
1252 1387 1253 1446 ί

217 1495 255 1563 έν
279 1495 326 1583 τῷ
353 1495 473 1582 τοιῷδε
498 1493 740 1581 καταστρέψαι,
776 1499 857 1580 πρίν
873 1503 973 1572 τινος
1001 1497 1035 1573 ἐς
1063 1510 1189 1584 πεῖραν

217 1595 333 1663 ἐλθεῖν
347 1591 545 1680 παθήματος
563 1591 581 1660 ό
598 1619 629 1662 τι
647 1617 709 1682 περ
727 1593 943 1679 ἐξαναγκάσει
958 1591 1069 1662 αάτὸν
1082 1609 1187 1682 μετα-

181 1707 199 1755 2
216 1693 352 1783 βάλλειν
365 1691 428 1780 τῆν
442 1694 595 1782 πρόσθεν
609 1700 749 1763 δίαιταν.
768 1693 1057 1784 καὶἈλέξανδρον
1071 1692 1218 1765 ἀντει-ιε

215 1810 294 1865 πεῖν
319 1794 383 1882 μὲν
409 1791 501 1886 αὐτῷ
529 1796 584 1863 ἐπὶ
608 1794 705 1864 πολό·
746 1788 791 1874 άς
816 1793 848 1862 δ’
875 1793 939 1882 οὐχ
956 1793 1189 1884 ἡττησόμενον
1252 1809 1253 1888 ἦ

218 1897 318 1985 έάρα,
337 1893 423 1964 ἀλλά
441 1894 552 1975 άλλως
569 1890 613 1964 ἀν
631 1893 879 1983 ἀπαλλαγέντα,
898 1903 931 1967 εί
946 1895 992 1982 μῆ
1009 1923 1059 1976 τις
1077 1898 1188 1987 ταότη

216 1994 408 2085 ὑπεικάθοι,
427 1994 515 2066 οὕτω
530 1997 572 2082 δῆ
590 1993 655 2084 ὅπη
675 1996 879 2083 ἐπήγγελλεν
892 1994 1010 2084 αὐτός,
1028 2003 1189 2066 κελεῦσαι

215 2101 385 2186 νησθῆναι
409 2091 504 2188 αὐτῷ
530 2097 663 2187 πυράν,
698 2098 755 2164 καὶ
787 2092 910 2185 ταύτης
945 2099 1189 2186 ἐπιμεληθῆναι

218 2207 431 2286 Πτολεμαῖον
456 2199 516 2267 τόν
542 2197 660 2285 Λάγου
686 2195 747 2267 τόν
774 2197 1053 2286 σωματοφύλακα.
1096 2203 1136 2268 ολ
1151 2200 1221 2268 δὲη

208 2300 275 2369 «καὶ
308 2297 443 2387 πομπῆν
474 2325 549 2368 τινα
589 2301 847 2389 προπομπεῦσαι
878 2296 986 2368 αὐτοῦ
1026 2299 1189 2386 λέγουσιν

218 2406 346 2480 ἵππους
363 2426 399 2468 τε
415 2398 472 2468 καὶ
489 2397 629 2488 ἀνδρας,
654 2399 735 2480 τούς
758 2399 821 2487 μέν
840 2397 1087 2488 ἀπλισμένους,
1103 2402 1191 2482 νοός

219 2501 258 2570 δὲ
283 2500 477 2589 θυμιάματα
503 2515 648 2570 παντοῖα
679 2504 722 2589 τῆ
755 2503 848 2589 πυρᾷ
877 2501 1112 2591 ἐπιφέροντας·
1157 2509 1194 2571 οἱ

220 2602 259 2671 δὲ
292 2603 349 2670 καλ
382 2599 569 2688 ἐκπώματα
594 2606 703 2690 χρυσᾶ
729 2602 787 2668 καὶ
813 2597 946 2690 ἀργυρᾶ
973 2603 1029 2670 καὶ
1057 2605 1191 2690 ἐσθῆτα

184 2713 201 2762 3
219 2702 396 2792 βασιλικὴν
410 2702 566 2790 λέγουσιν
580 2701 632 2770 ότι
649 2708 780 2789 ἔφερον.
808 2699 901 2793 αὐτῷ
916 2701 955 2772 δέ
968 2721 1184 2790 παρασκευα-
1203 2730 1223 2770 ε

219 2807 345 2892 σθῆναι
369 2803 431 2891 μὲν
450 2808 566 2889 ἵππον,
594 2799 644 2871 ὅτι
660 2807 797 2888 βαδίσαι
814 2797 991 2882 ἀδυνάτως
1009 2801 1100 2889 εἶχεν
1117 2802 1189 2873 ὑπὸ

218 2911 276 2992 τῆς
303 2905 423 2974 νόσου·
458 2902 498 2973 οό
525 2902 593 2992 μῆν
619 2907 815 2990 δυνηθῆναί
838 2928 877 2989 γε
895 2902 1056 2972 οὐδὲτοῦ
1076 2909 1189 2974 ἵππου

220 3008 388 3094 ἐπιβῆναι,
419 3001 504 3073 ἀλλά
532 3005 587 3074 ἐπὶ
614 3011 732 3091 κλίνης
758 3003 823 3092 γάρ
850 3009 1053 3090 κομισθῆναι
1078 3007 1189 3094 φερό-

218 3133 335 3196 μενον,
375 3103 649 3193 ἐστεφανωμένον
692 3130 728 3172 τε
761 3110 809 3196 τῷ
841 3097 958 3173 Ἰνδῶν
991 3105 1087 3196 νόμῳ
1128 3109 1190 3175 καὶ

220 3206 347 3297 ᾅδοντα
373 3209 414 3294 τῆ
438 3203 556 3276 Ἰνδῶν
582 3205 730 3294 γλάσση.
780 3209 815 3274 oc
840 3204 877 3272 δὲ
899 3204 1000 3274 Ἰνδοί
1026 3207 1191 3292 λέγουσιν
1203 3235 1224 3274 ει

185 3306 272 3375 εὸτι
297 3305 397 3391 ὕμνοι
421 3310 513 3374 θεῶν
539 3297 625 3392 ῆσαν
651 3308 708 3374 καί
736 3303 849 3374 αὐτῶν
875 3311 1013 3376 ἔπαινοι.
1040 3307 1099 3374 καὶ
1125 3308 1191 3375 τὸν

221 3405 283 3493 μὲν
310 3409 414 3473 ἵππον
440 3407 561 3472 τοῦτον
586 3403 665 3472 ὅτου
690 3403 908 3493 ἐπιβήσεσθαι
935 3413 1059 3494 ἔμελλε,
1086 3414 1192 3496 βασι-
