2572 3920
194 139 238 206 60
547 130 802 202 mmmmm

161 287 311 368 οβαινεν
343 281 377 360 ές
405 276 468 367 τὴν
492 267 657 348 Κιλικίαν.
705 276 763 345 καὶ
790 276 940 344 ἐνταῦθα
963 272 1159 362 ἀγγέλλεται
1185 309 1188 314 ·

196 379 288 474 αῦτῶ
308 377 472 470 Ἀρσάμης
496 377 546 446 ότι
570 377 723 466 πρόσθεν
746 375 808 465 μέν
835 375 963 446 ἐπενόει
986 377 1159 462 διασώζειν

195 485 343 568 Πέρσαις
360 480 423 566 την
442 477 587 566 Ταρσόν,
607 475 651 558 ῶς
671 477 709 548 δὲ
726 471 998 567 ὑπερβεβληκότα
1015 476 1081 566 ἤδη
1098 476 1158 558 τάς

194 582 304 662 πάλας
319 579 464 650 ε’πῦθετο
478 578 697 668 Ἀλέξανδρον
711 581 858 648 ἐκλιπεῖν
876 580 912 646 έν
930 583 979 670 νῷ
998 576 1159 666 ἔχειντὴν

195 681 310 750 πόλιν·
346 682 494 750 δεδιέναι
515 674 580 750 οῦν
597 679 676 760 τοῦς
699 679 848 767 Ταρσέας
865 677 911 766 μὴ
931 676 980 767 ἐφ’
1000 677 1158 767 ἁρπαγὴν
1184 709 1200 752 5

194 783 332 872 τραπεὶς
357 781 446 851 οὕτω
463 780 525 868 την
543 779 721 862 ἀπόλειψιν
738 781 797 866 της
820 785 955 866 Ταρσοῦ
972 779 1157 867 ποιήσηται.

161 895 178 944 6
195 888 302 952 ταῦτα
320 880 468 962 ἀκοῦσας
486 881 600 974 δρόμῳ
618 875 700 968 ἦγεν
719 882 774 949 ἐπὶ
790 879 853 967 τὴν
877 881 1008 970 Ταρσόν
1025 881 1105 961 τοῦς
1122 908 1159 950 τε

197 984 317 1064 ἱππέας
346 983 404 1052 καὶ
433 987 502 1050 τῶν
531 985 641 1064 φιλῶν
671 981 745 1054 ὅσοι
772 980 992 1069 κουφότατοι,
1024 980 1108 1050 ῶστε
1139 979 1159 1053 δ

192 1081 357 1173 Ἀρσάμης
386 1081 508 1170 μαθῶν
534 1079 641 1151 αῦτοῦ
664 1080 727 1170 την
751 1077 859 1171 ὁρμὴν
883 1084 1015 1170 σπουδῇ
1040 1080 1159 1168 φεῦγει

196 1187 232 1254 έκ
248 1190 307 1272 τῆς
325 1189 461 1272 Ταρσοῦ
478 1181 569 1274 παρά
586 1183 725 1270 βασιλέα
738 1195 887 1272 Δαρεῖον
904 1180 1009 1253 οῦδὲν
1025 1181 1157 1270 βλάψας
1171 1213 1198 1253 ιο

194 1284 257 1373 την
275 1284 384 1354 πόλιν.

160 1399 177 1448 τ
269 1383 485 1474 Ἀλέξανδρος
508 1385 564 1472 δέ,
592 1381 636 1464 ῶς
660 1383 723 1473 μέν
737 1378 979 1476 Ἀριστοβούλῳ
998 1384 1158 1471 λέλεκται,

195 1480 264 1554 ῦπό
279 1485 428 1574 καμάτου
444 1484 621 1572 ένόσησεν·
649 1489 684 1554 οἱ
695 1483 734 1552 δέ
752 1489 798 1564 εἰς
818 1483 879 1554 τόν
892 1483 1033 1554 Κόδνον
1050 1510 1156 1556 ποτα-

195 1586 261 1675 μόν
279 1587 416 1672 λέγουσι
433 1589 579 1674 ῥίψαντα
603 1584 787 1672 νήξασθαι,
818 1585 1072 1674 ἐπιθυμήσαντα
1095 1592 1156 1656 τοῦ

195 1685 330 1774 ῦδατος,
348 1691 497 1774 Ιἱδρῶντα
513 1686 570 1756 καὶ
583 1685 726 1774 καῦματι
740 1684 906 1775 ἐχόμενον.
935 1688 953 1755 ὁ
968 1686 1006 1755 δὲ
1019 1685 1156 1768 Κάδυος
1170 1715 1195 1757 ιτ

196 1786 328 1874 βεῑδιά
352 1788 454 1876 μέσης
478 1793 537 1874 τῆς
561 1786 704 1868 πόλεως·
740 1781 795 1855 οἷα
818 1785 856 1854 δέ
876 1789 913 1856 έκ
935 1791 997 1856 τοῦ
1021 1787 1156 1876 Ταόρου

195 1886 297 1978 ὅρους
325 1893 394 1958 τῶν
424 1893 543 1978 πηγῶν
573 1892 607 1958 οἱ
634 1882 846 1976 ἀνισχουσῶν
874 1888 931 1956 καὶ
962 1886 1017 1956 διά
1043 1887 1155 1979 χῶρον

195 1995 352 2078 καθαροῦ
377 1989 481 2078 ῥέων,
508 1987 637 2077 ψυχρός
660 1989 699 2056 τέ
720 1990 788 2056 ἐστι
804 1989 861 2056 καὶ
877 1987 915 2056 τό
934 1986 1030 2076 ῦδωρ
1048 1999 1157 2058 καθα-

161 2104 179 2154 8
196 2089 272 2178 ρός·
297 2095 439 2181 σπασμῷ
451 2115 487 2158 τε
500 2081 565 2158 οῦν
579 2094 713 2176 ἔχεσθαι
723 2086 942 2178 Ἀλεξάνδρον
950 2090 1006 2158 καὶ
1016 2090 1156 2178 θέρμαις

198 2195 351 2278 ἰσχυραῖς
368 2190 425 2256 καὶ
442 2187 615 2280 ἀγρυπνίᾳ
628 2189 773 2276 ξυνεχελ.,
795 2191 852 2257 καὶ
865 2189 944 2270 τοῦς
956 2190 1025 2278 μὲν.
1033 2189 1154 2270 ἀλλους
1167 2221 1194 2264 εο

197 2288 330 2378 λατροῦς
353 2286 416 2358 οῦκ
445 2299 577 2358 οἴεσθαι
605 2286 890 2378 εἷναι-βιῶσιμον·
927 2296 1094 2362 Φίλιππον
1118 2290 1156 2360 δέ

191 2385 398 2480 Ἀκαρνᾶνα,
430 2389 564 2478 ἰατρόν,
589 2389 734 2472 ξυνόντα
756 2389 964 2483 Ἀλεξάνδρῳ
984 2393 1040 2460 καὶ
1058 2391 1097 2460 τά
1120 2418 1155 2462 τε

196 2486 284 2579 ἀμφὶ
310 2489 460 2580 ἰατρικὴν
485 2493 518 2570 ές
541 2489 582 2559 τά
606 2491 748 2580 μάλιστα
771 2490 1011 2582 πιστευόμενον
1034 2494 1091 2563 καὶ
1114 2491 1155 2564 τά

196 2587 282 2660 ἀλλα
311 2586 373 2660 οῦκ
403 2587 563 2680 ἀδόκιμον
588 2594 624 2662 έν
648 2597 696 2684 τῶ
721 2598 851 2685 στρατῷ
874 2593 973 2682 ὅντα,
1010 2601 1156 2686 καθῆραι

196 2692 326 2762 έθέλειν
353 2689 573 2784 Ἀλέξανδρον
602 2690 784 2786 φαρμάκῳ·
831 2695 887 2763 καὶ
914 2696 975 2765 τόν
1003 2697 1155 2767 κελεύειν
1167 2726 1193 2768 τε

161 2798 352 2884 σκαθῆραι.
401 2794 461 2865 τόν
484 2795 547 2885 μὲν
570 2795 612 2884 δη
637 2795 896 2886 παρασκευάζειν
925 2795 988 2884 την
1017 2799 1153 2868 κῦλιιια·

107 2937 110 2942 -
174 2897 235 2964 .έν
264 2895 372 2989 τοότῳ
403 2897 441 2970 δέ
462 2894 669 2990 Ἀλεξάνδρῳ
695 2903 839 2984 δοθῆναι
863 2897 1039 2986 έπιστολην
1063 2898 1154 2988 παρά

195 3005 438 3086 Παρμενίωνος
461 2997 676 3086 φυλάξασθαι
702 3003 886 3068 Φίλιππον·
929 2993 1068 3069 άκοῦειν
1091 2999 1155 3089 γάρ

196 3097 404 3186 διεφθάρθαι
426 3096 495 3166 ῦπὸ
520 3105 669 3186 Δαρείου
693 3097 859 3188 χρήμασιν
883 3099 967 3168 ῶστε
990 3100 1155 3192 φαρμάκῳ

196 3194 390 3266 ἀποκτεῖναι
422 3196 651 3288 Ἁλέξανδρον.
702 3198 764 3268 τὸν
793 3200 843 3285 δέ,
873 3195 1064 3288 ἀναγνόντα
1093 3200 1193 3288 τηνεο

196 3296 376 3384 ἐπιστολὴν
406 3299 463 3368 καὶ
494 3305 540 3368 έτι
568 3298 649 3388 μετά
680 3313 795 3389 χεῖρας
824 3306 941 3388 έχοντα
966 3299 1071 3371 αὐτόν
1094 3302 1156 3390 μὲν

195 3405 312 3487 λαβεῖν
325 3397 388 3490 την
401 3398 521 3469 κόλικιι
534 3403 571 3470 έν
584 3392 607 3489 ᾗ
621 3392 713 3488 ἦν’τδ
728 3397 922 3491 φάρμακον·
948 3403 1011 3491 την
1025 3405 1155 3473 έπιστο-
