2546 3920
211 123 276 188 282
577 120 828 180 εεεεεκεεοτ

176 305 196 354 4
293 280 495 368 Ξυνηνέχθη
510 278 552 346 δέ
561 304 592 348 τι
604 279 662 348 καί
676 278 808 347 τοιόνδε
820 280 862 367 τὴ
877 279 1015 376 στρατιᾷ
1031 280 1070 348 ἐν
1082 282 1127 366 τῇ
1140 283 1183 366 κῇ

217 385 342 469 ἐκείνη.
369 385 406 450 οί
415 381 482 469 γὰρ
494 379 656 468 ἡγεμόνες
668 383 727 466 τὴς
740 377 823 448 ὁδοῦ
837 381 1059 459 τελευτῶντες
1072 376 1186 448 ούκέτι

187 508 191 515 ·
213 485 403 571 μεμνῆσθαι
418 488 565 568 ἔφασκον
578 481 640 567 τὴν
658 473 756 568 ὁδόν,
775 477 851 548 ἀλλ’
870 477 1104 567 ἀφανισδὴναι
1118 480 1183 567 γάρ

211 583 252 652 τὰ
276 597 394 671 σημεῖα
422 579 529 667 αύτὴς
549 582 635 671 πρός
656 585 717 650 τοῦ
747 579 873 668 ἀνέμου
899 580 1181 661 ἐπιπνεύσαντος·

214 686 271 752 καὶ
289 682 352 752 ούκ
362 681 449 751 εἶναι
465 685 503 751 έν
517 687 564 771 τηῖ
576 680 703 774 ψάμμῳ
714 685 822 772 πολλὴ
838 708 874 751 τε
888 684 945 751 καὶ
958 681 1060 772 δμοίμ
1074 678 1205 768 πάντηε

213 785 381 873 νενημένῃ
409 782 476 874 ότφ
503 781 783 872 τεκμηριώσονται
809 781 871 869 τὴν
894 781 989 870 ὁδόν,
1016 780 1092 852 οὔτ’
1119 775 1183 851 ούν

214 886 340 972 δένδρα
366 884 498 972 ξυνήθη
525 883 606 972 παρ’
635 881 745 971 αύτὴν
777 883 969 972 πεφυκότα,
1002 882 1095 952 οὔτε
1108 881 1182 952 τινά

214 987 366 1074 γὴλοφον
393 986 531 1072 βέβαιον
549 984 769 1073 ἀνεστηκότα·
796 982 879 1054 οὐδὲ
898 985 983 1074 πρὸς
1009 984 1051 1053 τά
1078 981 1184 1071 ἀστρα

216 1089 252 1154 έν
264 1087 364 1156 νυκτὶ
378 1080 401 1174 ἡ
415 1083 492 1174 μεθ’
512 1083 640 1176 ἡμέραν
658 1085 743 1174 πρὸς
756 1084 816 1154 τόν
829 1084 924 1172 ἡλιον
936 1081 1187 1174 μεμελετῆσθαί

215 1207 309 1274 σφισι
333 1187 392 1266 τὰς
418 1192 567 1276 πορείας,
593 1187 747 1275 καθάπερ
764 1201 836 1266 τοῖς
853 1186 991 1267 ναύταις
1009 1185 1096 1276 πρός
1115 1191 1214 1256 τῶνα

123 1289 129 1300 ’
215 1286 348 1377 ἀρκτων
373 1287 437 1375 τὴν
463 1287 526 1374 μὲν
554 1288 695 1375 Φοίνιξι,
720 1287 782 1375 τὴν
808 1285 938 1376 ὀλίγην,
961 1285 1024 1375 τὴν
1048 1286 1088 1355 δὲ
1113 1302 1184 1366 τοῖς

178 1408 197 1456 ε
216 1387 329 1469 ἀλλοις
342 1388 549 1476 άνδρύποις,
563 1387 624 1476 τὴν
637 1395 780 1476 μειξονα.
808 1394 894 1459 ένδα
908 1388 950 1476 δὴ
959 1387 1184 1476 Ἀλέξανδρον

214 1492 357 1571 ξυνέντα
371 1487 422 1557 ὅτι
436 1491 472 1557 έν
487 1486 645 1580 ἀριστερᾷ
659 1495 715 1560 δεῖ
726 1487 955 1559 ἀποκλίναντα
969 1488 1078 1576 ἄγειν,
1096 1487 1184 1558 ἀνα-

216 1589 364 1678 λαβόντα
382 1587 520 1675 όλίγονς
539 1589 608 1679 ἀμα
621 1586 657 1660 οἷ
668 1591 790 1670 ίππέας
804 1591 1110 1681 προκεχωρηκέναι·
1140 1587 1187 1670 ῶς

214 1689 254 1760 δέ
269 1691 326 1760 καὶ
344 1691 476 1760 τούτων
489 1696 526 1760 οί
536 1696 634 1761 ἵπποι
647 1691 828 1780 ἐξέκαμνον
840 1690 909 1761 ύπό
923 1697 986 1761 τού
999 1691 1183 1780 καύματος,
1195 1720 1214 1761 ιε

215 1789 393 1863 ἀπολιπεῖν
410 1792 468 1862 καὶ
489 1791 619 1862 τούτων
635 1791 716 1872 τούς
733 1793 894 1881 πολλούς,
920 1790 1027 1863 αύτδν
1054 1792 1093 1862 δὲ
1122 1791 1185 1874 ξύν

215 1893 315 1963 πέντε
349 1908 420 1974 τοῖς
455 1896 558 1962 πᾶσιν
584 1893 857 1982 ἀφιππάσασθαι,
891 1895 948 1962 καί
975 1893 1091 1982 εύρεῖν
1125 1893 1185 1981 τὴν

214 1995 410 2063 θάλασσαν·
438 1991 688 2083 διαμησάμενόν
700 2005 736 2064 ’τε
749 1992 857 2063 αύτδν
870 1995 928 2064 έπὶ
944 1999 1005 2064 τοῦ
1025 2000 1186 2082 αἰγιαλοῦ

216 2094 277 2163 τόν
302 2095 451 2182 κάχληκα
478 2097 648 2183 ἐπιτυχεῖν
672 2093 774 2164 ὕδατι
799 2103 922 2181 γλυκεῖ
944 2097 1002 2164 καὶ
1028 2099 1185 2187 καθαρῷ,

215 2193 344 2262 καὶ”’
300 2221 389 2264 ουτω
415 2203 592 2282 μετελθεῖν
617 2194 680 2284 τὴν
707 2195 866 2283 στρατιάν
892 2202 1018 2266 πᾶσαν·
1064 2200 1125 2267 καί
1152 2200 1186 2276 ἐς

211 2291 300 2364 ἑπτά
313 2294 439 2384 ἡμέρας
454 2297 538 2366 ίέναι
549 2298 641 2387 παρά
654 2296 716 2385 τὴν
724 2297 916 2384 θάλασσαν,
928 2295 1186 2421 ὑδρευομένους
1198 2325 1250 2371 υ

217 2397 254 2464 ἐκ
279 2399 338 2484 τὴς
355 2396 480 2484 ἡῖόνος.
508 2401 610 2468 ἔνθεν
636 2399 703 2483 δέ,
712 2396 777 2486 ἡδη
803 2395 869 2486 γάρ
895 2396 1097 2484 γιγνώσκειν
1124 2397 1188 2484 τὴν

216 2494 300 2565 ὁδόν
326 2497 408 2578 τούς
433 2495 611 2585 ἡγεμόνας,
639 2500 695 2568 έπλ
722 2503 780 2586 τὴς
805 2505 987 2586 μεσογαίας
1013 2508 1189 2568 ποιεῖσθαι

215 2595 278 2666 τόν
304 2599 434 2668 στόλον.
865 2677 869 2688 ,
1126 2643 1150 2651 —

164 2701 205 2766 27
292 2698 347 2780 Ὡς
372 2699 410 2770 δὲ
429 2697 570 2787 ἀφίκετο
589 2702 623 2780 ές
646 2701 717 2770 τῶν
735 2703 942 2789 Γαδρωσίων
959 2699 1001 2768 τά
1018 2706 1189 2788 βασίλεια,
1201 2729 1221 2770 κ

216 2800 383 2872 ἀναπαύει
401 2805 552 2871 ἐνταῦθα
569 2802 633 2888 τὴν
651 2800 818 2890 στρατιάν.
854 2803 911 2870 καὶ
926 2801 1190 2890 Ἀπολλοφάνην

215 2903 278 2991 μὲν
303 2904 404 2972 παύει
428 2905 488 2990 τῆς
506 2909 726 2991 σατραπείας,
754 2900 806 2971 ότι
831 2900 974 2982 οὐδενός
1001 2908 1090 2988 ἔγνω
1111 2905 1190 2972 έπε-

216 3005 405 3092 μεληδέντα
422 3009 491 3071 τῶν
505 3003 840 3091 προεπηγγελμένων,
855 3003 990 3072 Θόαντα
1003 3002 1042 3072 δὲ
1055 3023 1189 3091 σατρα-

216 3105 331 3172 πεύειν
343 3107 413 3172 τῶν
421 3099 529 3191 ταύτῃ
545 3105 651 3183 ἔταξε·
670 3103 792 3172 τούτου
809 3102 945 3195 δένόσμ
957 3104 1189 3192 τελευτῆσαν·

215 3229 271 3282 τος
299 3204 481 3292 Σιβύρτιος
507 3201 569 3289 τὴν
587 3211 794 3292 σατραπείαν
813 3204 994 3291 ἐκδέχεται·
1033 3203 1052 3271 δ
1078 3202 1223 3287 αύτδςυ

216 3302 254 3370 δὲ
268 3304 325 3369 καὶ
335 3308 533 3390 Καρμανίας
546 3303 717 3390 σατράπης
731 3297 775 3390 ἡν
785 3306 906 3374 νεωστί
921 3301 1191 3395 έξἉλεξάνδρου

215 3405 366 3486 ταχθείς·
400 3400 475 3470 τότε
501 3401 539 3470 δὲ
564 3402 675 3494 τούτῳ
695 3403 758 3490 μέν
773 3399 970 3493 Ἀραχωτῶν
986 3407 1099 3475 τεκαὶ
1118 3410 1193 3477 τῶν

1142 3667 1144 3671 ’
1240 3613 1245 3845 λ
