2546 3920
437 139 710 204 ιυιειειεω.
991 140 1054 206 291

88 321 159 385 χων
178 293 299 376 ἄλλοις.
343 298 402 366 καὶ
419 288 485 366 οὖν
501 296 558 365 καί
575 295 691 382 ὀλίγον
708 294 852 386 ὕστερον
870 293 1058 368 άποθανῶν

90 403 253 466 τοσοῦτον
271 398 426 479 καθέξεις
443 400 501 486 τῆς
519 402 581 485 γῆς
596 397 679 468 ὅσον
699 400 833 488 ἐξαρκεῖ
850 399 1059 487 ἐντεθάφθαι

89 523 137 590 τφ
165 519 303 584 σωματι.

168 597 359 669 Κάνταῦθα
393 598 536 688 ἐπῄνεσε
566 598 632 688 μὲν
659 595 877 686 Ἀλέξανδρος
909 599 991 679 τοάς
1022 603 1094 670 τε2

47 697 216 784 σλόγους
240 697 368 780 αδτοδς
385 701 443 769 καὶ
460 699 540 780 τούς
557 699 726 788 εἰπόντας,
752 706 897 787 ἔπρασσε
914 700 952 770 δὲ
970 698 1059 788 ὅμως

91 797 179 868 ἄλλα
204 802 262 870 καὶ
288 797 450 870 τάναντία
477 795 529 881 οἷς
557 799 730 890 ἐπῄνεσεν.
784 802 856 869 ἐπεὶ
886 803 944 870 καὶ
974 813 1057 872 Διο-

90 900 195 989 γένην
212 899 273 968 τόν
291 903 328 970 ἐκ
347 899 507 989 Σινῶπης
524 901 699 988 θαυμάσαι
716 900 858 988 λέγεται,
882 905 919 971 ἐν
933 900 1058 994 Ἰσθμῷ

5 1063 6 1066 ,
91 999 242 1087 ἐντυχῶν
265 1007 313 1092 τῷ
332 1003 487 1088 Διογένει
504 1003 730 1093 κατακειμένῳ
749 1004 789 1070 ἐν
803 1001 904 1094 ἡλίῳ,
922 1003 1059 1084 ἐπιστάς

91 1099 154 1183 ξῶν
179 1115 251 1182 τοῖς
276 1100 504 1183 ὑπασπισταῖς
522 1097 668 1183 καὶτοῖς
686 1111 886 1186 πεζεταίροις
903 1099 959 1172 καὶ
979 1105 1056 1193 έρό·

50 1225 79 1266 ιο
91 1228 191 1290 μενος
217 1212 253 1272 εί
273 1229 334 1272 του
353 1204 476 1273 δέοιτο·
504 1203 522 1272 ὁ
547 1203 586 1272 δὲ
605 1204 770 1290 Διογένης
788 1201 893 1272 ἄλλον
911 1204 974 1291 μὲν
994 1212 1060 1292 ἔφη

92 1308 225 1373 δεῖσθαι
252 1301 405 1392 οὐδενός,
431 1301 498 1372 άπὸ
525 1309 587 1374 τοῶ
613 1298 712 1390 ἡλίου
741 1303 779 1372 δέ
802 1300 965 1374 ἀπελθεῖν
985 1307 1057 1373 ἐκέ-

92 1412 212 1473 λευσεν
238 1402 345 1473 αὐτόν
370 1431 406 1474 τε
431 1405 489 1473 καὶ
514 1405 596 1484 τούς
622 1404 687 1474 σῶν
705 1402 808 1496 αὐτῷ.
843 1402 931 1474 οὕτω
949 1433 998 1474 τοι
1015 1403 1093 1474 οδε

69 1565 74 1572 .
93 1503 202 1592 πάντη
229 1507 292 1586 ἔξω
309 1495 353 1591 ἦν
369 1508 431 1574 τοῦ
451 1508 598 1574 ἐπινοεῖν
615 1503 655 1573 τά
673 1513 812 1594 κρείττω
827 1502 1059 1594 Ἀλέξανδρος,

92 1602 168 1674 αλλ’
196 1607 233 1674 ἐκ
257 1605 355 1692 δόξης
382 1607 449 1695 γὰρ
475 1610 593 1687 δεινῶς
620 1609 801 1694 ἐκρατεῖτο.
842 1607 914 1675 ἐπεὶ
940 1609 997 1676 καὶ
1025 1611 1059 1688 ἐς

50 1726 78 1768 1⁵
98 1705 219 1786 Τάξιλα
245 1701 339 1798 αὐτῷ
366 1703 559 1798 άφικομένφ
584 1707 641 1775 καί
669 1707 776 1776 ίδόυτι
802 1711 872 1775 τῶν
889 1711 1060 1796 σοφιστῶν

89 1803 209 1876 Ἰνδῶν
234 1807 314 1888 τούς
340 1807 494 1897 νυμνοῶς
519 1805 626 1888 πόθος
652 1808 785 1894 ἐγένετο
812 1808 969 1887 ξυνεῖναί
985 1809 1060 1877 τινά

92 1912 129 1976 οί
150 1911 221 1977 τῶν
247 1906 385 1998 ἀνδρῶν
410 1907 555 1993 τούτων,
581 1905 632 1977 ὅτι
656 1906 719 1996 τὴν
744 1913 925 1996 καρτερίαν
943 1905 1061 1978 αὐτῶν

93 2007 282 2097 ἐθαύμασε·
318 2011 375 2078 καί
401 2008 420 2078 ὁ
446 2008 510 2097 μέν
535 2008 765 2098 πρεσβύτατος
790 2011 859 2076 τῶν
877 2012 1061 2097 σοφιστῶν,

92 2107 172 2178 ὅτου
204 2107 356 2198 ὁμιληταὶ
389 2113 424 2179 οί
455 2109 551 2179 ἄλλοι
583 2101 690 2198 ἦσαν,
729 2107 906 2198 Δάνδαμις
939 2109 1061 2200 ὄνομα,

49 2231 78 2271 20
91 2207 171 2279 οὔτε
196 2208 299 2291 αὐτὸς
327 2215 391 2298 ἔφη
417 2209 495 2297 παρ’
523 2206 742 2301 Ἀλέξανδρον
767 2208 859 2298 ἥξειν
883 2208 961 2280 οὔτε
977 2210 1060 2290 τοῶς

92 2310 218 2390 ἄλλους
236 2321 299 2380 εία.
325 2309 579 2398 ὑποκρίνασθαι
595 2310 663 2401 γάρ
681 2312 810 2397 λέγεται
825 2309 871 2392 ῶς
884 2311 969 2391 Διὸς
983 2311 1059 2392 υἱὸς
1076 2327 1095 2376 3

90 2411 148 2480 καὶ
166 2410 271 2492 ου’τδς
289 2422 354 2500 είη,
381 2422 476 2500 είπερ
502 2405 568 2482 σάν
593 2415 651 2480 καὶ
667 2407 900 2500 Ἀλέξανδρος,
927 2415 982 2481 καὶ
1009 2412 1061 2480 ὅτι

91 2510 170 2579 οὔτε
196 2511 305 2582 δέοιτό
330 2539 392 2582 τον
417 2517 485 2581 τῶν
511 2511 592 2598 παρ’
615 2512 853 2601 Ἀλεξάνδρου,
881 2519 968 2599 ἔχειν
994 2513 1062 2600 γάρ

91 2616 128 2681 οί
151 2603 191 2680 εὖ
217 2610 258 2680 τά
285 2611 449 2701 παρόντα,
476 2614 532 2681 καί
559 2610 628 2700 ἅμα
654 2611 741 2700 ὁρᾶν
766 2613 847 2694 τοῶς
873 2613 937 2694 ξῶν
964 2613 1061 2704 αὐτῷ

7 2777 8 2780 ,
51 2732 79 2773 2⁵
92 2713 335 2800 πλανωμένους
349 2712 516 2800 τοσαύτην
529 2719 594 2799 γῆν
603 2719 660 2780 καὶ
673 2712 853 2781 θάλασσαν
868 2708 922 2781 ἐπ’
938 2712 1061 2804 ἀγαθῷ

93 2810 222 2899 οὐδενί,
240 2812 326 2901 μηδὲ
343 2815 447 2901 πέρας
465 2840 496 2881 τι
513 2807 631 2892 αὐτοῖς
648 2810 829 2900 γινόμενον
842 2816 911 2881 τῶν
924 2817 1062 2882 πολλῶν

91 2917 241 2982 πλανῶν.
269 2909 343 2982 οὔτ’
371 2905 436 2982 οὖν
461 2922 584 2982 ποθεῖν
609 2940 642 2982 τι
665 2912 768 2992 αὐτὸς
786 2909 867 2982 ὅτου
884 2912 1000 3002 κάριος
1018 2905 1063 3000 ἦν

88 3007 307 3103 Ἀλέξανδρος
325 3016 457 3101 δοῦναι,
482 3011 556 3082 οὔτ’
575 3006 620 3082 αὖ
638 3015 794 3100 δεδιέναι,
822 3011 903 3082 ὅτου
921 3022 1060 3102 κρατοίη

92 3115 232 3202 ἐκεῖνος,
260 3121 350 3184 ἐστιν
377 3105 418 3182 οὗ
445 3124 632 3202 είργεσθαι·
664 3115 760 3198 ζῶντι
783 3113 846 3202 μὲν
862 3113 928 3203 γάρ
947 3120 983 3183 ολ
997 3115 1097 3202 τὴυ4

55 3233 82 3274 ³⁰
92 3210 212 3284 Ἰνδῶν
237 3217 302 3302 γῆν
321 3217 486 3301 ἐξαρκεῖν,
514 3216 688 3304 φέρουσαν
705 3213 746 3283 τά
765 3214 890 3300 ῶραῐα·
924 3213 1060 3285 ἀποθα-

92 3315 197 3384 νόντα
228 3313 267 3384 δέ
293 3309 591 3403 ἀπαλλαγήσεσθαι
616 3314 680 3385 οὐκ
707 3318 873 3396 ἐπιεικοῦς
900 3317 1061 3398 ξυνοίκου

93 3417 154 3484 τοῦ
173 3413 334 3504 σῶματος.
374 3413 505 3486 οάκουν
522 3415 604 3486 οὐδὲ
618 3412 840 3506 Ἀλέξανδρον
859 3419 1062 3506 ἐπιχειρῆσαι

798 3522 849 3579 19*
