2546 3920
196 138 260 205 322
511 133 768 196 εΔεΞΔΝΔΡοε

192 295 342 386 μεγάλην
366 284 547 366 θάλασσαν
573 293 747 382 ἐστάλθαι,
779 291 856 363 ἀλλ’
892 295 949 363 ἐπὶ
980 299 1028 386 τῷ
1055 321 1177 364 καταυ

192 407 317 522 μαβεῐν
341 395 405 484 τὴν
430 396 544 486 χῶραν
569 393 633 482 τὴν
658 397 805 484 προρεηῇ
839 397 882 484 τῇ
908 396 1069 514 δαλάσση
1104 397 1175 464 καὶ

192 498 273 580 τούς
295 499 533 578 κατοικοῦντας
551 493 660 622 αύτηγ
677 494 896 616 άγδρῶπους,
923 491 1050 584 ὅρμους
1068 523 1106 565 τε
1128 499 1173 566 ἐν

193 597 280 690 αύτῇ
307 599 365 668 καί
390 597 501 666 ὄδατα
526 599 582 666 καλ
606 597 648 666 τά
664 595 788 685 νόμαια
804 601 875 664 τῶν
896 593 1033 683 ἀνδρῶν
1050 599 1112 666 καί
1135 608 1177 666 εί

192 727 241 781 τις
259 696 373 819 άγαβη
389 696 543 786 καρπούς
562 693 754 785 ἐκφέρειν“
733 723 755 784 η
773 706 808 766 εί
822 723 871 777 τις
888 698 991 784 κακή·
1018 689 1145 766 καὶ
1096 722 1197 766 ουντ

192 802 249 870 καί
274 804 375 869 τοῦτο
398 809 506 869 αίτιον
530 799 691 885 γενέσθαι
715 796 936 885 άποσοιθῆναι
948 796 1169 890 Ἀλεξάνδρῳ

193 900 253 971 τδν
271 889 430 989 στρατῶν·
467 899 508 968 ού
527 899 592 988 γάρ
610 895 654 968 διν
672 901 824 983 σωθῆναι
841 897 1053 979 πλεύσαντας
1070 897 1169 989 ὑπὲρ

192 1005 251 1089 της
266 1001 423 1091 Ἀραβίας
448 1027 488 1068 τα
516 1006 633 1088 ἔρημα,
660 996 761 1086 ίφ’”
744 1023 810 1090 orgo
836 992 934 1066 κάλ’
917 1023 935 1067 ο
951 998 1066 1087 Ἱέρων
1087 1003 1168 1069 ἐπι-

194 1100 376 1192 στρίιγαᾘ
358 1109 470 1170 οπίσω
496 1102 634 1188 λέγεται.
914 1129 920 1139 ·

142 1211 183 1276 21
268 1201 323 1274 Ἐν
350 1193 378 1295 ᾦ
405 1201 443 1270 δὲ
468 1198 562 1294 αύτῷ
590 1203 848 1288 ἐναυπηγοῦντο
865 1199 928 1288 μὲν
945 1205 986 1269 αί
999 1201 1168 1290 τριήρεις,
1180 1227 1202 1267 ιο

194 1304 213 1373 6
241 1302 342 1393 λιμὴν
367 1302 405 1372 δὲ
437 1302 524 1390 πρδς
556 1307 736 1390 Βαβυλῶνι
770 1297 954 1389 ῶρύσσετο,
981 1303 1102 1370 ίκπλεί
1126 1304 1167 1371 ἐκ

194 1407 400 1493 Βαβυλῶνος
417 1400 500 1472 κατὰ
517 1402 578 1471 τὸν
595 1401 782 1489 Εὐφράτην
801 1400 846 1480 ῶς
864 1399 975 1470 ἐπὶ
938 1427 1000 1470 τον
1021 1410 1163 1472 Παλλα·

194 1505 304 1574 κίτταν
329 1503 542 1591 καλούμενον
568 1502 729 1590 ποταμόν.
773 1489 888 1590 ῶπέχει
913 1492 1020 1570 δὲ
978 1528 1080 1582 ουτος
1102 1506 1165 1591 τῆς

194 1607 400 1691 Βαβυλῶνος
432 1606 594 1682 σταδίους
630 1601 712 1672 ὄσον
740 1601 973 1690 ὀκτακοσίους,
1007 1605 1066 1672 καὶ
1094 1609 1166 1672 ἔστι

194 1702 385 1792 διῶρυξ”
338 1731 424 1791 αυτη
442 1703 460 1772 6
479 1703 708 1783 Πολλακόπας
728 1707 765 1774 ἐκ
781 1705 845 1771 τού
862 1702 1064 1828 Ιβύφράτου,
1083 1703 1163 1792 ούχλ
1175 1727 1196 1768 υ
1251 1747 1252 1750 =

161 1805 235 1874 262
254 1809 290 1875 ἐκ
308 1808 426 1894 πηγῶν
443 1831 493 1884 τις
510 1801 662 1892 άνίσχωυ
675 1804 834 1892 ποταμός.
861 1802 960 1893 ὁγάρ
975 1802 1163 1893 Εὐφράτης

195 1905 343 2030 ποταμὸς
361 1907 449 1994 βίον
467 1908 504 1974 ἐκ
522 1907 591 1973 τῶν
606 1901 826 1994 Ἀρμενίωυ’
809 1909 902 1992 ορῶυ
918 1907 1163 1992 χειμῶνοςν
1098 1903 1163 1992 μὲν

196 2006 268 2098 ῶρᾳ
295 2020 466 2095 προχωρεῖ
488 2006 573 2074 κατά
598 2005 658 2086 τάς
682 2003 845 2128 ὄχθας,ο
827 2000 882 2072 ola
908 2004 950 2091 δη
969 2004 1011 2073 ού
1030 2007 1163 2074 πολλού

194 2107 292 2188 ὄντος
317 2107 411 2198 αύτῶ
428 2133 489 2175 του
473 2104 647 2186 ὄδατος·
678 2132 760 2224 ηρος
777 2105 815 2175 δὲ
831 2101 1087 2192 ὑποφαίνοντος
1104 2107 1162 2173 καὶ

196 2208 284 2278 πολδ
312 2206 354 2293 δη
382 2207 525 2294 μάλιστα
550 2203 621 2275 ύπό
646 2202 774 2295 τροπάς
799 2203 936 2285 άστινας
953 2209 1015 2275 τοῦ
1034 2207 1195 2293 θίρουςεο

196 2309 215 2378 ὁ
249 2307 341 2395 ἥλιος
369 2307 557 2395 ἐπιστρέφει
582 2306 687 2394 μέγας
712 2332 749 2376 τε
775 2306 945 2393 ίπίρχεται
969 2305 1076 2376 uoel‘
1052 2331 1160 2395 υτερ·

163 2423 179 2470 3
196 2408 312 2496 βάλλει
336 2405 427 2496 ύπὲρ
452 2405 514 2488 τάς
540 2405 647 2494 ὄχθας
674 2409 708 2486 ἐς
725 2406 788 2492 τὴν
805 2409 870 2492 γῆν
886 2405 950 2494 την
965 2406 1158 2496 Ἀσσυρίαν.

196 2509 376 2596 τηνικαῦτα
408 2505 476 2596 γάρ
509 2512 549 2576 αί
577 2506 685 2594 χιόνες
719 2511 758 2576 αί
788 2507 844 2576 ἐπὶ
875 2521 946 2587 τοῖς
972 2505 1064 2596 ὄρεσι
1088 2522 1160 2588 τοῖς

193 2605 378 2697 Ἀρμενίοις
403 2608 667 2696 κατατηκόμεναι
692 2605 855 2688 αὔξουσιν
881 2605 974 2699 αύτῷ
1000 2609 1039 2676 τὸ
1063 2606 1159 2697 ὕδωρ

197 2712 253 2780 ἐπὶ
279 2711 376 2798 μίγα,
404 2707 456 2778 ὄτι
483 2709 520 2778 δὲ
548 2710 708 2796 ἐπιπολῆς
733 2710 822 2777 ἐστιν
840 2705 934 2799 αύτῷ
952 2707 1010 2776 καὶ
1027 2706 1193 2796 ὑψηλόςυ

196 2811 316 2900 ὁδούς
340 2809 544 2899 ὑπερβάλλει
571 2813 605 2890 ἐς
630 2808 692 2896 τὴν
718 2807 845 2898 χῶραν,
871 2814 905 2877 εί
927 2809 975 2896 μή
999 2835 1049 2890 τις
1075 2808 1159 2878 άνα·
1248 2863 1249 2886 ,

197 2912 375 3000 στομεάσας
401 2909 509 2980 αύτδν
535 2908 619 2980 κατά
645 2909 706 2978 τὸν
724 2909 956 2980 Παλλακόπαν
983 2912 1017 2989 ίς
1042 2909 1083 2978 τά
1102 2911 1158 3036 ἕλη

195 3039 231 3084 τε
258 3013 425 3101 ἐκτρέψειε
450 3013 507 3080 καί
533 3009 595 3091 τάς
621 3017 755 3098 λίμνας,
781 3017 821 3079 αἳ
835 3007 914 3096 δη’
895 3009 1076 3100 αρχόμεναι
1092 3009 1157 3078 duo*

194 3111 319 3210 ταύτης
333 3139 392 3197 της
407 3111 573 3199 διάρυχος
591 3116 663 3180 ἔστε
677 3108 782 3180 ἐπὶ
745 3137 807 3197 την
821 3111 997 3204 ξυνεχη”
955 3137 998 3200 τη
1010 3108 1157 3198 Ἀράβων

196 3215 240 3301 γῇ
267 3211 325 3280 καὶ
351 3216 452 3280 ἔνθεν
478 3209 542 3298 μὲν
570 3213 603 3291 ἐς
628 3210 768 3298 τίναγος
787 3212 842 3280 ἐπὶ
860 3211 962 3298 πολύ,
989 3212 1026 3279 ἐκ
1043 3210 1082 3279 δὲ
1097 3215 1154 3279 τοῦ
1168 3234 1191 3273 ιο

162 3315 230 3392 είς
262 3311 441 3380 θάλασσαν
473 3307 558 3378 κατά
592 3309 702 3379 πολλά
727 3337 763 3379 τε
789 3307 893 3378 κάλ’
873 3315 989 3397 αφανῆ
1016 3311 1156 3398 στόματα
1247 3351 1248 3362 2

200 3414 258 3479 ἐκδ
260 3414 365 3478 ίδοοσι.
409 3415 584 3497 τετηκυίας
611 3407 711 3477 δὲ
675 3435 733 3495 της
750 3409 861 3497 χιόνος
878 3406 966 3497 άμφλ
985 3411 1155 3482 Πλειάδων
