2620 3924
474 163 659 218 ειεεειειε
677 168 706 229 ε,
727 167 768 219 οε.
1046 163 1108 228 133

144 327 180 372 τε
201 304 257 370 καί
272 301 314 369 οὐ
330 303 505 388 φρενήρει,
530 305 575 379 είς
590 303 627 369 δέ
642 301 683 368 τά
699 301 785 368 ἀλλα
800 300 903 369 οὐδὲν
917 301 1108 382 ἀνεπιεικές

145 409 246 491 ἔργον
261 402 509 489 ἀποδειξαμένῳ
524 402 546 486 ἢ
562 399 642 468 οάδέ
667 404 891 488 ἐγγενόμενον
906 402 998 490 αὐτῷ
1021 399 1118 491 ἀπο-Ι

144 506 330 589 δείξασθαι,
346 503 397 572 ὅτι
412 501 498 587 ὁμοῦ
508 504 572 587 μέν
584 505 632 580 εἰς
642 501 705 586 την
721 507 897 588 βασιλείαν
909 511 1108 589 παρελθεῖν,

144 605 230 690 ὁμοῦ
253 606 292 672 δέ
313 608 625 690 προσπολεμεῖσθαι
647 605 732 689 πρός
757 629 793 670 τε
816 607 1029 672 Μακεδόνων
1052 605 1110 672 καί

116 711 213 776 ττών
231 702 402 790 Ἑλλήνων
428 705 561 789 ξυνέβη.
584 703 728 770 ὀίίκουν
748 703 830 772 οὐδὲ
852 705 1006 771 ἐθέλοντι
1029 705 1110 790 ἐξῆν

144 810 192 874 ἔτι
214 804 363 892 ὑβρίζειν
379 807 414 883 ές
436 803 517 882 τούς
538 803 726 890 ὑπηκόους,
751 806 790 871 ἐν
811 810 936 891 μείζονι
957 808 1109 894 κινδύνῳ

143 908 233 992 ἥπερ
257 908 381 974 ἐκεῖνοι
403 907 638 990 καθεστηκότι.
676 911 775 987 ζώντι
796 909 860 991 μὲν
881 905 923 992 δὴ
939 909 1110 992 ξυμφοραί

144 1007 237 1094 αὐτῷ
267 1006 367 1073 ἀλλαι
400 1002 454 1074 ἐπ’
489 1006 607 1084 ἀλλαις
640 1007 913 1093 ξυνηνέχθησαν,
949 1006 1032 1074 οὐδέ
1061 1029 1143 1086 τις3

145 1107 303 1193 ἀνακωχὴ
327 1108 459 1192 ἐγένετο
484 1107 599 1192 έπειδή
616 1112 751 1192 πρώτον
767 1108 802 1186 ἐς
816 1107 879 1192 την
894 1107 1001 1195 ἀρχήν
1022 1131 1111 1190 παρ-

105 1239 131 1280 ω
143 1213 267 1294 ἦλθεν·
291 1207 377 1274 ἀλλά
399 1205 505 1284 εὐθὺς
525 1208 588 1291 μέν
610 1207 648 1273 τὸ
663 1214 732 1274 τών
747 1214 929 1292 σατραπῶν
950 1211 1006 1275 έπί
1021 1214 1110 1292 Γρα-

126 1313 230 1394 Ινικςό
251 1320 399 1392 πταῖσμα
422 1309 542 1394 ξυνέβη
564 1307 602 1372 τό
626 1305 764 1374 ἱππικόν
770 1360 780 1394 ,
805 1307 911 1386 εὐθὺς
937 1309 975 1375 δὲ
999 1307 1110 1376 Ἰωνία

145 1434 181 1476 τε
209 1411 265 1475 καί
292 1410 411 1486 Αἰολίς
439 1415 569 1493 εἴχοντο
599 1408 655 1474 καὶ
684 1409 818 1494 Φρόγες
844 1408 1025 1493 ἀμφότεροι
1053 1411 1111 1476 καί

146 1513 257 1576 Λυδία
284 1511 341 1576 καί
363 1513 473 1594 Κᾶρες
494 1508 585 1592 πλην
601 1507 903 1595 Ἁλικαρνασσέων·
933 1511 1050 1594 ὀλίγον
1073 1511 1145 1582 δίε

145 1610 292 1695 ὕστερον
313 1611 374 1677 καί·
387 1609 651 1695 Ἁλικαρνασσὸς
674 1609 831 1697 ἐξῄρητο,
861 1613 917 1678 έπί
943 1612 980 1678 δέ
1002 1608 1022 1695 ἡ
1045 1633 1111 1676 πα-

106 1741 132 1784 ιε
147 1715 247 1796 ραλία
262 1714 353 1776 πᾶσα
369 1715 443 1776 ἕστε
459 1711 514 1778 ε’πί
528 1709 591 1793 τὴν
602 1715 776 1776 Κιλικίαν
802 1715 905 1777 ἔνθεν
918 1710 986 1796 δέη
1004 1710 1111 1778 αάτοῦ

148 1811 202 1878 ἐπ’
215 1810 311 1897 Ἰσσῷ
326 1804 427 1896 ἧσσα,
441 1811 499 1876 ’ίνα
514 1811 577 1894 τήν
591 1833 627 1876 τε
644 1813 768 1896 μητέρα
783 1812 1111 1896 αίχμαλωτισθεῖσαυ

146 1913 203 1977 καί
218 1911 280 1996 τὴν
294 1923 441 1996 γυναῖκα
456 1914 512 1978 καί
534 1910 612 1988 τοὺς
634 1914 755 1988 παῖδας
776 1911 922 1998 ἐπεῖδεν·
948 1913 1004 1978 έπί
1025 1913 1111 1998 τώδε

147 2017 291 2096 Φοινίκη
318 2037 355 2080 τε
382 2012 535 2079 ἀπώλετο
563 2015 620 2078 καί
646 2019 818 2096 Αἴγυπτος
844 2018 949 2078 πάσα·
990 2013 1046 2080 ἐπί
1073 2014 1111 2078 δὲ

147 2112 249 2190 αάτός
271 2115 310 2180 ἐν
335 2113 509 2198 Ἀρβήλοις
537 2113 644 2198 ε”ῳυγέ
669 2137 704 2178 τε
734 2114 772 2179 ἐν
794 2113 940 2198 πρώτοις
967 2116 1112 2199 αίσχρώς

108 2245 134 2288 20
148 2214 205 2279 καί
227 2211 388 2298 στρατιὰν
409 2218 571 2299 πλείστην
593 2212 718 2290 παντός
739 2219 800 2280 τοῦ
822 2215 1033 2299 βαρβαρικοῦ
1054 2216 1111 2298 γε’-

147 2339 229 2392 νους
243 2313 411 2382 ἀπώλεσεΙ
436 2316 548 2400 φνγάς
568 2339 605 2380 τε
621 2317 659 2382 εἰι
674 2317 798 2383 τούτου
813 2319 871 2399 τῆς
885 2311 992 2382 αὑτοῦ
1006 2313 1111 2401 ἀρχῆς
1128 2336 1144 2385 5

147 2416 379 2499 πλανώμενος,
408 2417 465 2482 καί
492 2421 661 2482 τελευτῶν
688 2415 771 2499 πρὸς
798 2421 867 2482 τῶν
889 2414 974 2500 ἀμφ’
1005 2414 1111 2481 αὐτόν

148 2517 183 2592 ἐς
210 2515 251 2580 τά
278 2519 400 2600 ἔσχατα
422 2518 620 2600 προδοθείς,
649 2516 809 2600 βασιλεύς
830 2539 866 2580 τε
889 2518 928 2583 ἐν
950 2522 996 2601 τῷ
1019 2515 1110 2603 αὐτῷ

145 2603 203 2682 καί
227 2617 398 2702 δεσμώτης
420 2615 482 2695 ξάν
510 2615 622 2704 ἀτιμίᾳ
644 2615 823 2701 ἀγόμενος,
852 2619 946 2693 τέλος
967 2617 1005 2684 δὲ
1027 2616 1112 2700 πρός

107 2746 134 2788 ιε
148 2723 217 2782 τῶν
236 2719 453 2783 οίκειοτοίτιον
469 2719 726 2801 ἐπιβουλευθείς
741 2715 903 2783 ἀπώλετο.
933 2722 1031 2798 ζῶντι
1047 2719 1111 2802 μὲν

146 2820 284 2904 Δαρείῳ
304 2823 442 2884 τοιαῦτα
464 2817 670 2902 ξυνηνέχθη·
702 2819 939 2902 τελευτήσαντι
961 2819 999 2886 δὲ
1020 2819 1111 2902 ταφή
1127 2835 1159 2886 σἸ

147 2942 182 2984 τε
201 2915 222 3002 ἡ
239 2917 397 3002 βασιλικὴ
412 2919 469 2983 καί
484 2923 552 2984 τών
567 2921 699 2984 παίδων
715 2916 815 2984 ὁποία
836 2919 892 2983 καί
906 2919 1110 3002 βασιλεύον-

146 3042 203 3095 τος
224 3016 331 3084 αάτοῦ
346 3017 457 3103 τροφή
478 3040 514 3082 τε
526 3017 748 3105 Ἀλεξάνδρου
770 3019 825 3084 καί
841 3019 1031 3096 παίδευσις,
1054 3017 1111 3085 καί

146 3117 297 3206 γαμβρός
320 3116 548 3203 Ἀλέξανδρος.
593 3115 692 3184 ὁπότε
719 3119 757 3186 δὲ
780 3117 938 3186 έτελεάτα
961 3121 1111 3204 ἐγεγόνει

107 3218 233 3306 ωάμφί
254 3214 295 3285 τά
317 3219 527 3302 πεντήκοντα
550 3222 615 3304 ἔτη.

228 3319 442 3406 Ἀλέξανδρος
456 3321 494 3388 δὲ
509 3321 588 3398 τοὺς
602 3319 874 3408 ὑπολειφθέντας
890 3324 928 3390 έν
943 3327 983 3409 τῇ
999 3323 1110 3401 διώξει
1118 3333 1159 3400 23

146 3427 205 3508 τῆς
230 3427 388 3510 στρατιᾶς
420 3421 602 3507 ἀναλαβών
629 3424 665 3500 ἐς
693 3423 871 3508 Ὑρκανίαν
907 3422 1108 3509 προύχώρει.
