2572 3920
448 151 635 206 ιοιιειευι
652 155 677 216 ν,
697 155 723 204 ο.
1035 151 1078 216 69

104 293 152 380 τῇ
182 290 342 380 θαλάσσῃ
372 287 457 358 κατά
480 297 707 380 Παρμενίωνα
730 291 862 377 ἔταξεν,
897 289 947 360 ότι
969 288 1076 382 ταότη

105 390 241 479 μᾶλλόν
258 419 291 459 τι
309 390 473 479 ἱππάσιμα
489 384 548 478 ἦν·
593 392 693 480 μέρος
712 392 797 461 δέτι
814 389 930 461 αὐτῶν
946 393 1003 460 καὶ
1021 390 1077 462 έπὶ

105 491 147 560 τό
166 488 348 580 εῦοόνυμον
364 489 450 581 πρός
467 490 508 560 τά
527 489 590 582 όρη
606 492 811 581 παρήγαγεν.
839 489 884 572 ὥς
898 490 935 561 δὲ
949 491 1076 582 άχρεϊοι
1096 497 1127 546 11

107 589 267 660 ἐνταῦθα
285 591 339 660 διά
358 590 537 678 στενότητα
554 594 623 661 τῶν
640 599 776 682 χωρίων
795 589 994 681 ἐφαίνοντο,
1020 594 1078 661 καὶ

79 691 243 762 ετοότων
270 690 349 772 τοῦς
380 691 526 773 πολλοῦς
556 696 786 780 παριππεῦσαι
814 691 870 761 ἐπὶ
898 692 935 762 τό
967 693 1078 775 δεξιόν

107 794 213 882 κέρας
247 795 346 881 σφόν
363 789 550 862 ἐκέλευσεν.
577 789 680 874 αῦτός
698 791 736 862 δὲ
754 805 900 882 Δαρεῖος
917 793 955 862 τό
974 797 1078 884 μέσον

108 899 169 980 τῆς
196 893 305 981 πάσης
321 893 444 976 τάξεως
462 891 584 982 ἐπεῖχε,
603 893 758 983 καθάπερ
776 892 879 983 νόμος
895 909 966 976 τοῖς
985 907 1078 985 Περ-

109 997 185 1064 σῦν
207 998 383 1081 βασιλεῦσι
407 993 578 1083 τετάχθαι·
614 995 670 1063 καὶ
693 993 753 1064 τόν
777 998 864 1064 νοῦν
880 999 938 1083 τῆς
955 995 1078 1077 τάξεως

108 1094 235 1182 ταύτης
253 1098 416 1184 Ξενοφῶν
433 1093 451 1164 ὁ
468 1097 529 1164 τοῦ
549 1093 706 1184 Γρῦλλου
724 1091 970 1184 άναγέγραφεν.

70 1224 97 1264 ιο
187 1195 243 1266 Ἐν
260 1195 376 1288 τοάτφ-
385 1195 423 1266 δὲ
436 1195 657 1286 Ἀλέξανδρος
670 1197 815 1265 κατιδων
829 1197 949 1282 ὀλίγου
964 1195 1107 1266 πάσαν9
1162 1185 1173 1210 ‘

110 1295 175 1384 τὴν
205 1300 274 1366 τόν
298 1299 441 1385 Περσῶν
471 1282 589 1365 ἱπποῦ
608 1311 923 1385 μετακεχωρηκυῖαν
956 1299 1012 1365 ἐπὶ
1037 1297 1077 1364 τό

112 1397 295 1485 εῦοόνυμον
311 1397 349 1466 τό
370 1399 494 1466 ἑαυτοῦ
512 1395 560 1476 ,οἱς
577 1397 662 1486 πρὸς
680 1396 743 1484 τὴν
759 1397 957 1484 θάλασσαν,
968 1443 971 1450 1
982 1395 1076 1488 αὐτῷ

113 1497 153 1566 δὲ
183 1497 264 1576 τοῦς
288 1505 586 1585 Πελοποννησίους
610 1498 738 1586 μόνους
763 1501 820 1566 καὶ
843 1497 925 1580 τοῦς
948 1496 1077 1577 ἄλλους

113 1601 183 1665 τῶν
206 1599 390 1685 ξυμμάχων
417 1599 538 1677 ἱππέας
560 1599 668 1687 ταῦτη
686 1599 929 1686 τεταγμένους,
957 1601 1078 1687 πέμπει

75 1698 200 1766 ιιιιατά
223 1698 323 1784 τάχος
345 1697 426 1778 τοῦς
446 1701 639 1778 Θεσσαλοὺς
668 1700 790 1778 ἱππέας
811 1701 866 1768 ἐπὶ
883 1699 921 1768 τό
941 1697 1077 1768 εῦοόνυ-

115 1825 199 1887 μον,
235 1800 405 1879 κελεύσαςΙ
426 1799 473 1886 μὴ
505 1799 570 1888 πρὸ
600 1802 661 1868 τοῦ
697 1799 854 1886 μετώπου
881 1802 940 1884 τῆς
970 1801 1078 1887 πάσης

115 1899 238 1982 τάξεως
257 1901 503 1990 παριππεῦσαι,
520 1901 581 1967 τοῦ
600 1899 646 1986 μὴ
664 1915 869 1987 καταφανεῖς
886 1915 958 1978 τοῖς
976 1907 1074 1968 πολε·

117 2009 205 2088 μίοις
228 2003 387 2087 γενέσθαι
410 2002 707 2088 μεταχωροῦντας,
738 1997 824 2067 ἀλλὰ
849 1999 990 2068 κατόπιν
1019 2003 1078 2086 τῆς

118 2102 291 2189 φάλαγγος
314 2099 457 2188 άφανῦς
481 2105 639 2169 διελθεῖν.
677 2101 838 2188 προέταξε
861 2099 899 2169 δὲ
922 2103 991 2168 τῶν
1015 2101 1111 2188 μένε

8 2198 15 2210 ’
81 2229 108 2272 ιο
122 2202 250 2270 ἱππέων
267 2200 352 2270 κατὰ
369 2199 407 2268 τό
425 2200 534 2280 δεξιόν
551 2201 633 2280 τοῦς
652 2201 880 2290 προδρόμους,
898 2192 947 2269 ὧν
963 2202 1078 2289 ἡγεῖτο

120 2302 358 2391 Πρωτόμαχος,
375 2302 433 2372 καὶ
446 2301 527 2380 τοῦς
538 2309 704 2388 Παίονας,
723 2292 771 2370 ὧν
784 2300 897 2389 ἡγεῖτο
904 2301 1078 2392 Ἀρίστων·

118 2406 184 2472 τῶν
214 2401 253 2472 δὲ
276 2403 383 2484 πεζόν
406 2401 489 2480 τοῦς
512 2402 668 2488 τοξότας,
700 2393 748 2471 ὧν
773 2394 874 2491 ἦρχεν
896 2401 1077 2488 Ἀντίοχος·

120 2504 199 2582 τοῦς
224 2501 263 2572 δὲ
288 2501 486 2591 Ἀγριᾶνας,
518 2492 565 2572 ὧν
591 2494 693 2590 ἦρχεν
711 2500 896 2590 Ἄτταλος,
926 2505 984 2572 καὶ
1009 2506 1078 2571 τῶν

122 2605 250 2672 ἱππέων
272 2603 365 2682 τινὰς
388 2604 446 2672 καὶ
470 2605 539 2672 τῦν
561 2607 707 2684 τοξοτῶν
732 2607 766 2683 ἐς
785 2602 975 2691 ἐπικαμπὴν
993 2603 1079 2691 πρὸς

84 2731 110 2772 ιε
121 2705 156 2772 τὸ
173 2701 251 2792 ’όρος
268 2704 307 2772 τὸ
325 2703 409 2772 κατά
426 2703 540 2772 νιότου
560 2704 691 2789 ἔταξεν,
710 2701 794 2772 ὥστε
810 2703 894 2772 κατά
913 2705 950 2772 τδ
970 2704 1079 2784 δεξιόν

122 2803 212 2895 αότῷ
230 2804 292 2890 τὴν
310 2805 471 2891 φάλαγγα
490 2807 523 2882 ές
541 2803 607 2872 δύο
624 2804 748 2889 κέρατα
765 2807 944 2889 διέχουσαν
961 2805 1079 2890 τετάχ-

121 2915 195 2991 θαι,
219 2904 264 2972 τό
288 2904 352 2992 μὲν
377 2902 423 2984 οἱς
447 2903 532 2992 πρὸς
551 2895 702 2992 Δάρεῐόν
725 2929 761 2972 τε
784 2905 842 2972 καὶ
867 2903 947 2982 τούς
972 2905 1080 2992 πέραν

121 3009 179 3073 τοῦ
203 3007 356 3092 ποταμοῦ
380 3004 461 3083 τούς
486 3004 616 3083 πάντας
634 3005 778 3092 Πέρσας·
818 3003 856 3072 τό
875 3003 912 3073 δὲ
931 3001 976 3085 οἱς
994 3005 1080 3093 πρός

122 3106 198 3184 τούς
230 3106 287 3174 ἐπὶ
317 3107 366 3195 τῷ
394 3102 463 3194 όρει
485 3104 570 3172 κατὰ
595 3104 708 3172 νότον
723 3107 821 3192 σφόν
844 3103 1078 3192 τεταγμένους.

88 3207 179 3274 ιοτοῦ
210 3204 248 3274 δὲ
278 3203 459 3292 εῦωνόμου
483 3204 741 3293 προετάχθησαν
765 3206 834 3272 τῶν
858 3208 963 3287 πεζῶν
988 3210 1023 3274 οἱ
1045 3221 1113 3275 τεο

124 3305 247 3394 Κρῆτες
264 3305 397 3386 τοξόται
413 3305 470 3373 καὶ
488 3309 524 3372 οἱ
540 3307 690 3394 Θρᾷκες,
708 3295 757 3372 ὧν
774 3303 887 3392 ἡγεῖτο
902 3305 1078 3393 Σιτάλκης·

125 3404 183 3496 πρὸ
201 3405 333 3474 τούτων
350 3405 389 3475 δὲ·
406 3404 427 3493 ἡ
446 3409 549 3485 ἵππος
566 3403 587 3491 ἡ
605 3404 690 3474 κατὰ
707 3404 745 3473 τό
765 3404 952 3493 εόοόνυμον.
990 3411 1026 3474 οἱ
1041 3405 1080 3473 δὲ
