2620 3924
477 172 659 226 ΑΝΑΒΔΣΙΣ
676 176 701 235 4,
721 175 761 229 14.
1037 171 1102 234 ’171

212 327 466 418 Ἀριστόβουλος
496 328 559 418 μὲν
589 331 678 416 λέγει
693 327 753 398 ότι
778 330 836 398 καὶ
865 330 1103 416 Καλλισθένην
1117 335 1153 398 14

139 432 262 519 ἐπᾶραι
279 435 367 518 σφάς
386 436 517 517 ἔφασαν
528 434 569 520 ές
586 431 624 500 τό
642 431 806 518 τόλμημα·
826 431 883 499 καὶ
899 438 1105 518 Πτολεμαῖος

139 528 301 610 ῶσαότως
328 532 424 618 λέγει.
462 535 497 600 οδ
521 531 559 600 δέ
586 534 705 600 πολλοὶ
731 530 772 600 οὐ
798 531 906 620 ταάτη
934 533 1105 616 λέγουσιν,

139 629 227 700 ἀλλά
255 629 310 699 διά
337 646 435 718 μῖσος
461 631 528 721 γάρ
554 633 592 701 τό
616 630 681 719 ἤδη
706 628 746 700 όν
770 632 855 720 πρὸς
869 632 1106 718 Καλλισθένην

109 734 174 813 εέξ
189 729 414 818 Ἀλεξάνδρου
440 735 497 800 καλ
523 730 574 801 ότι
600 732 815 821 ὁἙρμόλαος
843 735 876 812 ές
898 734 939 800 τά
964 731 1106 819 μάλιστα
1156 722 1158 732 ’

140 833 322 919 ἐπιτήδειος
336 826 380 919 ἦν
392 835 440 924 τῶ
455 836 675 902 Καλλισθένει
684 831 753 921 ,οά
768 835 921 920 χαλεπῶς
932 823 1106 902 πιστεῦσαι

138 932 181 1001 τά
204 941 304 1021 χείρω
327 930 416 1020 όπὲρ
434 933 689 1012 Καλλισθένους
704 931 931 1022 Ἀλέξανδρον.
977 932 1042 1022 ἤδη
1067 933 1138 1001 δέκ

139 1059 227 1112 τινες
240 1035 297 1100 καὶ
310 1034 390 1102 τάδε
404 1032 613 1123 ἀνέγραψαν,
627 1031 878 1124 τάνἘρμόλαον
892 1036 1106 1124 προαχθέντα

141 1138 176 1213 ἐς
199 1132 282 1212 τοάς
302 1135 508 1215 Μακεδόνας
534 1132 714 1222 ὁμολογεῖν
739 1161 774 1204 τε
801 1138 1038 1223 ἐπιβουλεῦσαι
1059 1171 1105 1185 -

101 1263 128 1303 ιο
141 1236 200 1302 καὶ
226 1234 292 1322 γάρ
318 1232 383 1303 οάκ
409 1233 496 1303 εἶναι
521 1242 569 1304 έτι
595 1237 765 1326 ἐλευθέρῳ
791 1235 893 1322 ἀνδρὶ
910 1238 1025 1322 φέρειν
1043 1235 1107 1321 τὴν
1167 1292 1173 1303 .

139 1333 242 1424 ὕβριν
258 1333 322 1422 τὴν
335 1333 556 1425 Ἀλεξάνδρου
577 1373 622 1386 --
643 1335 753 1404 πάντα
770 1338 1017 1422 καταλέγοντα,
1044 1335 1106 1422 τηύ

139 1462 176 1504 τε
205 1435 340 1505 Φιλῶτα
367 1435 431 1504 οὐκ
458 1441 590 1505 ἔνδικον
620 1435 782 1522 τελευτὴν
808 1439 865 1504 καὶ
891 1441 951 1504 τοῦ
979 1437 1105 1524 πατρός

140 1535 248 1604 αὐτοῦ
264 1543 507 1624 Παρμενίωνος
526 1542 573 1606 ἔτι
592 1537 825 1625 ἐκνομωτέραν
838 1538 895 1604 καὶ
911 1539 979 1604 τῶν
993 1535 1106 1605 ἀλλων

139 1640 209 1705 τῶν
234 1636 310 1706 τότε
330 1636 588 1724 ἀποθανόντων,
616 1638 673 1704 καὶ
699 1639 760 1724 τὴν
781 1644 925 1706 Κλείτου
953 1641 990 1706 ἐν
1015 1639 1105 1727 μέθη

102 1765 127 1805 ιι
141 1735 328 1826 ἀναίρεσιν,
353 1740 412 1806 καλ
437 1737 500 1824 τὴν
528 1740 653 1824 έσθῆτα
679 1739 741 1824 τὴν
760 1737 935 1825 Μηδικήν,
963 1740 1019 1806 καὶ
1044 1739 1106 1824 τὴν

141 1835 374 1926 προσκύνησιν
403 1837 465 1925 τὴν
491 1845 740 1925 βουλευθεῖσαν
766 1839 822 1906 καὶ
849 1837 946 1907 οὔπω
972 1863 1102 1907 πεπαν-

140 1941 260 2026 μένην,
277 1941 334 2007 καὶ
352 1938 477 2018 πότους
495 1965 531 2007 τε
548 1940 605 2008 καλ
622 1936 755 2018 ὕπνους
773 1939 854 2017 τούς
865 1933 1104 2027 Ἀλεξάνδρου·

140 2043 247 2108 ταῦτα
265 2036 306 2108 οά
332 2040 480 2128 φέροντα
498 2045 548 2107 ἔτι
565 2041 792 2128 ἐλευθερῶσαι
810 2041 966 2126 ἐθελῆσαι
984 2037 1106 2108 ἑαυτόν

141 2165 177 2208 τε
190 2141 248 2208 καὶ
261 2138 343 2219 τους
356 2138 479 2220 ἀλλους
493 2140 707 2220 Μακεδόνας.
731 2142 854 2208 τοῦτον
867 2139 931 2227 μέν
945 2140 988 2227 δὴ
999 2139 1107 2210 αὐτόν
1124 2159 1140 2206 3

102 2267 129 2308 εο
141 2267 178 2309 τε
195 2241 252 2308 καλ
269 2241 350 2320 τούς
368 2239 430 2319 ξάν
448 2240 540 2333 αὐτῷ
561 2241 816 2328 ξυλληφθέντας
836 2247 1106 2328 καταλευσθῆναι
1233 2243 1236 2250 “

142 2343 227 2429 πρὸς
244 2343 313 2409 τῶν
331 2341 519 2430 παρόντων.
550 2343 789 2430 Καλλισθένην
803 2341 841 2410 δὲ
852 2337 1105 2429 Ἀριστόβουλος

142 2443 204 2529 μὲν
228 2443 317 2527 λέγει
340 2438 518 2530 δεδεμένον
546 2445 583 2511 έν
609 2443 725 2521 πέδαις
748 2441 1034 2530 ξυμπεριάγεσθαι
1064 2444 1105 2529 τῇ

142 2547 299 2633 στρατιᾷ,
324 2547 436 2612 ἔπειτα
452 2543 544 2635 νόσῳ
567 2545 778 2629 τελευτῆσαι,
801 2551 1008 2628 Πτολεμαῖος
1033 2540 1106 2610 δέό

143 2644 261 2730 Λάγου
289 2646 544 2732 στρεβλωθέντα
570 2644 627 2711 καὶ
652 2645 884 2731 κρεμασθέντα
907 2641 1105 2712 ἀποθανεῖν.

104 2743 253 2825 τιοῦτως
269 2742 361 2814 ὀὐδὲ
387 2751 424 2814 οδ
448 2745 540 2814 πάνυ
567 2746 677 2812 πιστοὶ
705 2745 739 2822 ἐς
765 2742 826 2830 τὴν
857 2741 1024 2830 ἀφήγησιν
1050 2745 1107 2810 καὶ

73 2931 78 2940 ,
144 2845 381 2935 ξυγγενόμενοι
396 2848 433 2915 έν
450 2849 496 2936 τῷ
514 2844 589 2913 τότε
600 2841 810 2934 Ἀλεξάνδρῳ
827 2836 917 2931 ὑπὲρ
935 2849 1003 2910 τῶν
1017 2869 1107 2930 γνω-

145 2953 253 3036 ρίμων
278 2973 314 3016 τε
339 2951 397 3016 καὶ
422 2945 463 3015 οὐ
490 2944 668 3015 λαθόντων
694 2947 783 3028 σφᾶς
807 2941 898 3024 ὅπως
922 2943 1107 3032 διεπράχθη

145 3049 309 3136 ξύμφωνα
327 3048 533 3137 ἀνέγραψαν.
567 3045 674 3114 πολλὰ
693 3045 730 3113 δέ
747 3045 805 3112 καὶ
819 3040 905 3112 ἀλλα
918 3041 1007 3130 ὑπὲρ
1024 3044 1106 3112 τοό-
1125 3061 1143 3108 4

144 3177 213 3218 των
240 3144 356 3218 αὐτῶν
386 3147 480 3216 ἄλλοι
509 3146 619 3226 άλλως
657 3146 891 3234 ἀφηγήσαντο·
931 3143 1006 3212 ἀλλ’
1035 3147 1107 3230 ἐμοὶ

42 3265 45 3272 ·
107 3271 132 3314 ιο
144 3255 251 3319 ταῦτα
269 3248 470 3338 ἀποχρῶντα
490 3254 574 3317 ἔστω
592 3244 881 3336 ἀναγεγραμμένα.
922 3249 1028 3314 ταῦτα
1046 3245 1108 3332 μὲν

145 3349 187 3438 δὴ
206 3348 247 3419 οά
267 3356 379 3442 πολλῷ
397 3346 541 3437 ὕστερον
555 3347 750 3436 πραχθέντα
770 3349 835 3434 έγῶ
855 3350 892 3416 έν
909 3352 1021 3415 τοῖσδε
1039 3359 1108 3424 τοῖς

145 3449 233 3540 ἀμφὶ
251 3459 394 3522 Κλεῖτον
419 3452 669 3540 ξυνενεχθεῖσιν
690 3446 897 3534 Ἀλεξάνδρῳ
921 3445 1108 3531 ἀνέγραψα,
