2572 3920
447 160 631 212 ΑΝΑΒΑΣΙΣ
650 163 673 226 1,
692 164 716 214 8.
1035 164 1076 230 15

107 299 164 369 καί
187 305 257 368 τῶν
274 303 383 380 ψιλῶν
401 293 464 369 ούκ
487 297 596 387 ὀλίγοι
614 307 688 370 ἕστε
713 301 767 371 ἐπὶ
790 300 828 371 τά
849 303 1075 392 στρατόπεδον

107 399 362 488 ἠκροβολίζοντο
394 404 427 481 ἐς
455 400 514 481 τάς
540 401 777 491 προφυλακάς,
809 410 868 472 καί
894 431 988 486 τινας
1018 408 1074 476 καὶ

108 501 310 572 άπέκτειναν
337 499 378 572 ού
397 501 543 584 πολλούς
567 508 636 572 τῶν
653 501 873 574 Μακεδόνων.
909 507 966 574 καὶ
981 505 1073 577 Ἀλέ-
1108 521 1125 571 9

108 605 251 690 ξανδρος
270 605 427 690 ἐκπέμπει
444 609 513 672 τῶν
531 606 640 686 ψιλῶν
657 605 714 674 καί
730 607 885 693 τοξοτῶν,
905 605 990 676 ῶστε
1007 607 1074 678 αύ-

71 719 84 760 ⁵
107 711 176 774 τῶν
194 703 388 774 ἀναστεῖλαι
403 703 467 792 τὴν
485 701 665 794 ἐκδρομήν·
685 706 741 775 καὶ
760 698 852 775 οὗτοι
865 705 906 776 ού
920 713 1073 796 χαλεπῶς

108 805 303 875 άνέστειλαν
326 806 392 893 ἤδη
416 810 464 898 τῷ
489 808 702 899 στρατοπέδω
727 803 822 900 αύτῷ
839 812 1073 900 προσφερομέ-

107 933 199 986 νους.
234 913 276 996 τῇ
292 907 329 976 δὲ
341 901 503 996 ύστεραίᾳ
521 904 701 994 άναλαβῶν
714 906 776 995 τὴν
790 907 947 998 στρατιάν
961 917 1075 983 πάσαν

108 1009 164 1076 καὶ
189 1006 379 1094 περιελθῶν
406 1007 490 1076 κατά
514 1007 574 1088 τάς
603 1008 713 1090 πύλας
737 1007 795 1089 τάς
819 1011 987 1100 φερούσας
1019 1010 1071 1082 ἐπ’

104 1105 304 1194 Ἐλευθεράς
320 1136 357 1178 τε
373 1109 429 1176 καὶ
446 1107 510 1196 τὴν
525 1107 689 1197 Ἀττικήν,
708 1108 789 1179 οὐδὲ
807 1109 878 1181 τότε
897 1113 1074 1202 προσέμιξε

71 1228 95 1266 ¹⁰
107 1225 178 1290 τοῖς
197 1217 340 1296 τείχεσιν
358 1206 485 1296 αὐτοῖς,
508 1205 583 1278 ἀλλ’
605 1211 907 1299 ἐστρατοπέδευσεν
924 1210 965 1282 ού
985 1214 1072 1284 πολύ

108 1309 245 1398 άπέχων
269 1316 328 1397 τῆς
351 1315 539 1399 Καδμείας,
568 1310 653 1380 ῶστε
679 1311 779 1398 ἐγγύς
804 1309 891 1396 εἶναι
909 1312 1074 1402 ω’φέλειαν

106 1419 175 1481 τῶν
194 1411 407 1482 Μακεδόνων
423 1427 493 1492 τοῖς
510 1409 573 1498 τὴν
590 1417 765 1500 Καδμείαν
783 1419 927 1500 ἔχουσιν.
958 1421 994 1483 οί
1008 1413 1072 1501 γάρ
1093 1428 1126 1478 10

110 1520 253 1601 Θηβαῖοι
264 1510 327 1600 τὴν
339 1517 515 1601 Καδμείαν
529 1517 637 1606 διπλῷ
650 1512 769 1602 χάρακι
779 1514 973 1605 ἐφρούρουν
986 1514 1072 1585 άπο-

107 1621 329 1702 τειχίσαντες,
355 1611 399 1694 ῶς
422 1613 504 1701 μήτε
529 1615 657 1695 ἔξωθέν
673 1641 747 1683 τινα
764 1629 833 1696 τοῖς
859 1618 1073 1704 ἐγκατειλημ-

73 1734 97 1773 15
108 1717 222 1804 μένοις
240 1713 410 1784 δύνασθαι
428 1716 631 1802 ἐπωφελεῖν,
649 1714 731 1804 μήτε
748 1712 874 1796 αύτούς
894 1718 1074 1797 ἐκθέοντας

107 1815 269 1904 βλάπτειν
286 1843 318 1884 τι
335 1820 423 1903 σφᾶς
440 1813 541 1885 ὁπότε
559 1831 629 1896 τοῖς
654 1817 717 1897 ἔξω
735 1823 904 1904 πολεμίοις
922 1817 1074 1906 προσφέ-

110 1945 231 2007 ροιντο.
264 1915 479 2006 Ἀλέξανδρος
505 1917 546 1986 δέ
569 1914 634 2004 (ἐτι
657 1915 721 2005 γάρ
745 1930 816 1996 τοῖς
836 1923 994 2004 Θηβαίοις
1019 1915 1073 1986 διά

109 2027 224 2107 φιλίας
243 2020 358 2088 ἐλθεῖν
374 2018 504 2106 μᾶλλόν
520 2045 551 2086 τι
567 2015 589 2105 ἢ
607 2015 663 2086 διά
687 2017 848 2088 κινδύνου
865 2015 984 2110 ἤθελε)
1003 2018 1074 2086 διέ-

108 2127 202 2208 τριβε
225 2116 309 2208 πρδς
332 2125 374 2208 τῇ
392 2125 546 2208 Καδμείᾳ
564 2118 946 2206 κατεστρατοπεδευκώς.
987 2125 1074 2188 ἔνθα
1093 2131 1124 2180 11

72 2221 152 2309 10δή
176 2225 247 2290 τῶν
273 2227 431 2308 Θηβαίων
457 2225 492 2289 οί
511 2219 575 2308 μὲν
597 2217 638 2288 τά
660 2220 814 2306 βέλτιστα
841 2219 934 2302 ἐς,τδ
960 2217 1076 2290 κοινόν

109 2321 354 2410 γιγνώσκοντες
382 2322 533 2403 ἐξελθεῖν
561 2320 714 2409 ῶρμηντο
740 2318 820 2412 παρ’
852 2315 1076 2408 Ἀλέξανδρον

108 2425 166 2493 καὶ
191 2421 350 2510 εὑρέσθαι
374 2419 579 2510 συγγνῶμην
602 2427 649 2513 τῶ
676 2420 799 2508 πλήθει
823 2427 892 2490 τῶν
917 2428 1076 2510 Θηβαίων

107 2532 169 2612 τῆς
183 2521 413 2603 ἀποστάσεως
432 2527 468 2592 ol
482 2521 632 2612 φυγάδες
647 2521 685 2590 δὲ
702 2523 758 2590 καὶ
776 2520 849 2591 ὅσοι
864 2520 944 2602 τούς
961 2521 1075 2610 φυγά-

109 2632 171 2705 δας
191 2625 438 2712 ἐπικεκλημένοι
454 2615 559 2711 ἦσαν,
583 2620 724 2703 ούδενδς
747 2623 994 2712 φιλανθρώπου
1013 2651 1072 2692 τυ-

71 2747 96 2785 ²³
111 2742 186 2815 χεῖν
209 2723 253 2794 άν
276 2723 356 2814 παρ’
380 2723 601 2814 Ἀλεξάνδρου
627 2721 816 2813 ἀξιοῦντες,
840 2722 949 2804 άλλως
966 2751 1002 2792 τε
1017 2724 1075 2792 καὶ

108 2829 395 2916 βοιωταρχούντες
413 2831 502 2894 ἐστιν
520 2832 556 2894 οἳ
569 2820 702 2909 αὐτῶν,
722 2822 935 2892 παντάπασιν
954 2825 1075 2911 ἐνῆγον

109 2929 147 2998 τδ
174 2933 306 3015 πλῆθος
332 2930 364 3007 ἐς
390 2925 451 2996 τδυ
473 2926 628 3013 πόλεμον.
677 2922 894 3015 Ἀλέξανδρος
926 2923 964 2992 δὲ
995 2919 1073 2993 οὐδ’

111 3028 155 3110 ῶς
172 3036 215 3119 τῇ
234 3027 330 3097 πόλει
346 3028 563 3117 προσέβαλεν.
1102 3035 1105 3042 ’

181 3127 281 3200 Ἀλλά
300 3130 389 3216 λέγει
407 3137 612 3216 Πτολεμαῖος
630 3125 648 3196 ὁ
666 3126 784 3214 Λάγου
804 3125 855 3196 ὅτι
872 3131 1073 3217 Περδίκκας,
1096 3134 1118 3200 8

73 3249 97 3292 ⁸⁰
110 3231 376 3318 προτεταγμένος
393 3235 451 3322 τῆς
465 3233 617 3318 φυλακῆς
630 3231 694 3298 τού
711 3228 939 3318 στρατοπέδου
954 3226 1021 3296 σύν
1033 3231 1075 3317 τῇ

110 3328 217 3404 αύτού
234 3332 324 3414 τάξει
341 3333 398 3400 καὶ
416 3336 478 3400 τοῦ
496 3330 638 3420 χάρακος
656 3331 726 3399 τῶν
743 3334 913 3416 πολεμίων
930 3325 972 3396 ού
987 3327 1075 3396 πολύ

110 3433 324 3523 άφεστηκῶς,
352 3431 393 3503 ού
420 3439 623 3523 προσμείνας
647 3429 721 3520 παρ’
745 3427 966 3518 Ἀλεξάνδρου
983 3426 1021 3495 τδ
1041 3429 1074 3505 ἐς
