2546 3920
193 167 261 235 298
554 167 806 226 ιιιιαιιιιεον

192 325 360 416 τιαρέπλει
375 323 443 395 ἀπὸ
469 328 531 398 τοῦ
551 324 705 398 Εὐλαίου
731 331 886 415 ποταμοῦ
912 325 996 394 κατά
1012 325 1076 414 τὴν
1093 326 1168 396 δά-

196 433 327 497 λασσαν
353 427 400 508 είς
428 426 484 497 ἐπὶ
509 425 569 508 τάς
597 425 738 516 ἐκβολάς
762 429 824 496 τοῦ
857 433 1034 516 Τίγρητος·
1061 432 1103 497 αί
1127 426 1170 497 δὲ

195 525 296 598 ἀλλαι
314 526 415 620 αὐτῷ
438 529 517 614 νῆες
534 527 811 615 ἀνακομισθεῖσαι
836 526 923 597 κατὰ
930 529 993 596 τόν
1010 525 1170 599 Εὐλαῖον

198 635 272 700 ἐστε
298 631 354 700 ἐπὶ
380 629 442 716 τὴν
459 628 611 720 διύρνχα
636 626 832 718 ἢτέιμηται
859 632 896 698 ἐκ
912 631 974 698 τοῦ
998 635 1169 718 Τίγρητος

197 732 232 810 ἐς
270 730 331 800 τὸν
370 727 542 820 Εὐλαίου,
580 730 689 820 ταύτῃ
728 736 993 818 διεκομίσθησαν
1029 732 1064 810 ἐς
1100 730 1195 799 τίνι

202 839 359 921 Τίγρητα.

157 945 179 996 ³
278 935 356 1002 Τῦν
386 929 455 1022 γάρ
486 930 530 1020 δὴ
554 935 714 1020 ποταμῶν
739 936 803 1002 τοῦ
828 957 865 1001 τε
892 930 1080 1020 Εὐφράτου
1102 932 1169 1000 καὶ

131 1049 137 1062 ·
196 1034 258 1102 τοῦ
282 1039 455 1121 Τίγρητος,
482 1038 519 1102 οἳ
540 1031 602 1120 τὴν
627 1033 733 1121 μέσην
758 1036 857 1121 σφῦν
881 1040 1018 1122 Συρίαν
1043 1031 1170 1118 ἀπείρ-

196 1153 330 1220 γουσιν,
356 1131 440 1203 ὅθεν
461 1135 523 1203 ml
545 1134 588 1202 v&
606 1129 713 1222 ὄνομα
730 1140 975 1222 Μεσοποταμία
991 1132 1078 1221 πρὸς
1091 1135 1170 1200 τῶν

197 1234 386 1324 ἐπιχωρίων
401 1239 576 1323 κληίζεται,
595 1232 614 1303 ὁ
632 1233 696 1323 μδν
715 1242 840 1326 Τίγρης
855 1233 947 1304 πολύ
962 1259 995 1303 τι
1006 1233 1170 1302 ταπεινό-
1184 1264 1208 1304 ιο

196 1359 291 1423 τερος
317 1335 407 1425 ρίαν
431 1341 496 1405 τοῦ
515 1332 701 1423 Εὐφράτου
719 1333 890 1425 διύρυχάς
915 1361 951 1404 τε
974 1337 1102 1414 πολλὰς
1130 1337 1171 1403 ἐκ

181 1441 260 1506 τοῦ
275 1435 462 1526 Εὐφράτου
482 1439 516 1516 ἐς
534 1435 642 1505 αὐτὸν
659 1436 790 1523 δέχεται
801 1437 861 1505 καί
873 1433 1024 1516 πολλούς
1038 1434 1170 1514 ἀλλους

197 1537 370 1625 ποταμούς
384 1537 591 1626 παραλαβάν
603 1537 660 1606 καὶ
671 1539 703 1618 ἐξ
713 1535 830 1606 αὐτοῖν
839 1534 1001 1625 αὐξηθείς
1011 1536 1170 1621 ἐσβάλλει

198 1640 232 1718 ἐς
256 1636 317 1706 τάν
334 1636 462 1706 πόντον
478 1635 539 1707 τὸν
557 1637 746 1727 Περσικόν,Ι
763 1639 868 1726 μέγας
884 1664 920 1707 τε
936 1637 994 1706 καί
1012 1633 1171 1724 οὐδαμοῦ

197 1736 358 1826 διαβατδς
379 1743 452 1808 ἐστι
472 1737 528 1808 ἐπὶ
544 1735 607 1825 τὴν
628 1740 781 1827 ἐκβολήν,
805 1737 928 1808 καθότι
950 1735 992 1807 οὐ
1014 1763 1169 1808 ιιατανα-
1183 1765 1209 1807 ιι

158 1844 346 1910 δλίσκεται
382 1836 492 1910 αὐτοῦ
529 1838 634 1910 οὐδὲν
657 1842 695 1920 ἐς
727 1839 789 1928 τὴν
822 1839 947 1928 χάραν.
998 1843 1066 1908 ἐστι
1098 1836 1177 1926 γάρ

197 1941 424 2032 μετεωροτέρα
439 1933 461 2028 ἡ
479 1941 586 2030 ταύτη
604 1942 648 2029 γῆ
661 1943 722 2010 τοῦ
734 1938 873 2029 ῦδατος,
891 1936 974 2010 οὐδὲ
985 1942 1171 2010 ἐκδίδωσιν

199 2033 298 2122 οὗτος
323 2041 408 2112 κατά
434 2041 494 2121 τάς
518 2041 690 2131 διώρυχας
715 2039 799 2112 οὐδὲ
826 2043 860 2122 ἐς
877 2040 983 2110 ἀλλον
1000 2039 1169 2128 ποταμόν,

198 2142 283 2211 ἀλλά
302 2145 430 2230 δέχεται
445 2142 510 2231 γάρ
524 2145 675 2224 ἐκείνους
688 2148 836 2230 μᾶλλον·
860 2141 1034 2230 ἀρδεσδαί
1041 2167 1080 2209 τε
1094 2139 1167 2210 ἀπύ

70 2289 72 2296 -
159 2234 241 2314 5οὐ
273 2241 336 2329 τὴν
367 2242 482 2332 χάραν
514 2241 650 2331 οὐδαμῆ
676 2245 820 2332 παρέχει.
865 2240 884 2312 ὁ
911 2243 951 2312 δὲ
981 2239 1209 2331 Εὐφράτηςιο

198 2343 363 2432 μετέωρός
387 2369 424 2412 τε
450 2345 505 2432 ῥεῖ
517 2344 576 2412 καί
595 2350 762 2432 ἰσοχείλης
777 2346 953 2431 πανταχοῦ
971 2349 1014 2434 τῇ
1031 2345 1089 2432 γῇ,
1107 2343 1170 2410 καὶ

199 2443 362 2532 διώρυχες
388 2443 427 2513 δὲ
452 2445 573 2512 πολλαὶ
597 2442 659 2514 ἀπ’
678 2443 786 2514 αὐτοῦ
805 2451 1013 2532 πεποίηνται,
1040 2448 1080 2513 αί
1102 2442 1170 2530 μευ

194 2543 326 2631 ἀέναοι,
351 2543 412 2632 ἀφ’
440 2537 493 2613 οὐν
518 2543 724 2634 ὑδρεύονται
749 2550 786 2616 οί
808 2544 890 2633 παρ’
915 2545 1058 2634 ἀκάτερα
1083 2541 1168 2635 ᾤκι-

194 2647 331 2734 σμένοι·
369 2645 430 2726 τάς
455 2645 504 2716 δὲ’
519 2649 579 2716 καὶ
605 2646 690 2738 πρὸς
714 2646 833 2736 καιρὸν
851 2650 1039 2734 ποιοῦνται,
1065 2643 1170 2714 ὁκότε

199 2754 318 2835 σφίσιν
341 2743 467 2829 ῦδατος
502 2749 625 2828 ἐνδεῶς
657 2753 744 2835 ἔχοι,
774 2751 807 2830 ἐς
841 2747 878 2817 τὰ
914 2747 1071 2836 ἐπάρδειν
1102 2745 1168 2832 τὴν
1182 2773 1210 2814 ιτ
1259 2801 1260 2824 ,

198 2847 329 2936 χώραν·
363 2847 406 2918 οὐ
427 2848 499 2938 γάρ
524 2847 619 2918 ῦεται
634 2848 673 2917 τὸ
691 2847 779 2917 πολύ
798 2842 821 2935 ἡ
840 2850 883 2936 γῆ
901 2844 986 2937 αῦτη
1005 2849 1039 2929 ἐξ
1058 2840 1169 2934 οὐρα-

198 2952 280 3018 νοῦ·
319 2949 376 3018 καί
408 2947 516 3030 οῦτος
550 2952 584 3030 ἐς
610 2948 652 3018 ού
679 2949 768 3019 πολῦ
800 2946 896 3038 ῦδοιρ
926 2948 945 3017 ὁ
979 2945 1169 3037 Εὐφράτης

198 3055 365 3120 τελευτῶν
389 3050 447 3119 καί
472 3053 658 3136 τεναγῶδες
683 3054 786 3119 τοῦτο
811 3049 1032 3120 ἀποπαύεται.

160 3167 181 3216 ο
272 3147 492 3239 Ἀλέξανδρος
510 3149 550 3219 δὲ
567 3150 792 3239 περιπλεύσας
809 3149 894 3221 κατά
907 3152 976 3238 τὴν
988 3150 1169 3220 θάλασσαν

196 3250 282 3320 ὅσον
308 3250 431 3339 μεταξύ
459 3255 522 3320 τοῦ
548 3275 584 3321 τε
603 3249 756 3322 Εὐλαίου
775 3256 927 3340 ποταμοῦ
946 3254 1081 3321 καὶτοῦ
1106 3257 1167 3322 Τί·
1182 3278 1208 3320 ιο

198 3377 320 3439 γρητος
339 3352 471 3437 ἐπεῖχεν
489 3348 508 3418 ὁ
526 3351 677 3437 αἰγιαλὸς
693 3353 755 3420 τοῦ
774 3351 904 3422 κόλπου
917 3355 979 3421 τοῦ
994 3355 1168 3441 Περσικοῦ

195 3448 337 3518 ἀνέπλει
361 3448 445 3530 κατά
462 3449 523 3520 τὸν
545 3457 694 3540 Τίγρητα
717 3457 791 3520 ἐστε
808 3451 866 3521 ἐπὶ
882 3450 920 3521 vo*
939 3451 1171 3543 στρατόπεδον
