2620 3924
233 161 295 224 114
581 161 837 219 ΔΔΕΞΔΝΔΡΟΤ

232 302 322 391 φόροι
347 301 474 372 ἑκατόν.
522 305 559 370 οί
586 301 624 370 δέ
648 303 827 390 ἐλέφαντες
855 307 998 391 ἔστησαν
1022 305 1105 372 κατά
1129 302 1193 392 τὴν

233 411 383 493 Δαρείου
408 411 483 490 ίλην
505 402 567 490 τὴν
589 403 763 491 βασιλικὴν
784 405 842 471 καὶ
860 400 993 492 ἅρματα
1017 407 1050 484 ἐς
1068 407 1192 492 πεντή-

199 519 344 573 κιιοντα.
383 507 444 572 τοῦ
464 502 502 573 δέ
520 503 629 583 δεξιοῦ
649 509 685 573 οἵ
705 529 742 572 τε
761 502 946 592 Ἀρμενίων
968 506 1026 573 καὶ
1045 513 1194 575 Καππα-

233 608 346 674 δοκῶν
363 610 476 684 ίππεσς
486 604 728 693 προετετάχατο
741 606 799 673 καὶ
809 602 941 694 ἅρματα
951 608 1192 696 δρεπανηφόρα

233 706 448 792 πεντήκοντα.
474 710 511 773 οί
522 703 727 794 δὲ”Ελληνες
741 710 777 774 οί
791 705 995 796 μισθοφόροι
1009 708 1101 796 παρά
1117 719 1221 779 Δα·ε

86 849 102 878 ι
233 806 328 896 ρεῖόν
344 833 380 874 τε
393 805 502 875 αὐτὸν
517 807 726 896 ἑκατέρωθεν
739 809 796 876 καὶ
813 807 895 888 τοδς
909 805 977 896 άμα
990 806 1083 899 αὐτῷ
1099 811 1192 896 Πέρ-

194 955 197 960 1
234 928 295 987 σας
312 905 397 975 κατά
415 905 477 995 τὴν
495 907 654 995 φάλαγγα
672 907 782 996 αὐτὴν
799 911 868 976 τῶν
885 909 1121 996 Μακεδόνων,
1147 909 1192 990 τίς

232 1009 332 1096 μόνοι
349 1009 391 1096 δὴ
410 1007 608 1098 ἀντίρροποι
624 1011 667 1097 τῇ
687 1009 855 1099 φάλαγγι,
875 1009 1073 1097 ἐτάχθησαν.

200 1122 218 1172 8
306 1107 515 1202 Ἀλεξάνδρῳ
529 1109 567 1178 δέ
584 1107 606 1197 ἡ
623 1110 760 1198 στρατιὰ
780 1111 949 1198 ἐκοσμήθη
967 1100 1040 1180 ὧδε.
1074 1108 1112 1178 τδ
1130 1109 1193 1198 μὲν

234 1209 343 1290 δεξιὸν
361 1209 454 1302 αὐτῷ
473 1210 565 1297 είχον
578 1212 647 1278 τοῖν
667 1212 804 1280 ίπιιέων·
815 1216 854 1279 ολ
868 1213 1005 1300 ἑταῖροι,
1023 1202 1072 1279 οἷν
1090 1217 1192 1299 προε-
1206 1240 1236 1282 ιο

233 1312 371 1380 τέτακτο
394 1310 416 1399 ἦ
436 1320 489 1401 λλη
512 1310 533 1400 ἡ
550 1312 722 1400 βασιλική,
747 1302 787 1398 ἧς
804 1319 945 1392 Κλεῖτος
968 1310 986 1380 ό
1006 1317 1213 1400 Δρωπίδουἱ

153 1477 157 1483 .
236 1413 374 1502 ἰλάρχης
390 1404 451 1501 ἦν,
475 1413 531 1481 ἐπὶ
549 1412 589 1481 δὲ
605 1411 712 1501 ταότη
730 1411 751 1500 ἡ
770 1419 941 1482 Γλαυκίου
962 1421 1034 1500 ίλη,
1053 1415 1193 1500 ἐχομένη

205 1565 207 1570 .
234 1513 273 1582 δέ
286 1511 392 1600 αὐτῆς
405 1513 426 1599 ἡ
441 1513 655 1602 Ἀρίστωνος,
668 1515 730 1582 ἐπὶ
743 1511 781 1581 δέ
794 1512 815 1600 ἡ
830 1513 1027 1594 Σωπόλιδος
1040 1515 1102 1582 τοῦ
1117 1511 1193 1601 Ἑρ-

226 1613 411 1703 μοδάρου,
430 1616 486 1684 ἐπὶ
504 1613 542 1683 δὲ
559 1612 816 1703 ἡἮραιιλείδου
834 1616 896 1682 τοῦ
918 1613 1111 1702 Ἀντιόχου,
1138 1613 1193 1682 ἐπὶ

234 1715 342 1804 ταάτη
361 1711 399 1784 δέ
416 1714 437 1802 ἡ
452 1721 650 1803 Δημητρίου
667 1717 729 1782 τοῦ
744 1713 999 1803 Ἀλθαιμένους,
1016 1715 1142 1802 ταύτης
1156 1714 1194 1782 δὲ
1208 1742 1236 1784 ιε

236 1817 376 1904 ἐχομένη
393 1814 415 1902 ἦ
434 1815 656 1906 Μελεάγρου,
672 1821 848 1884 τελευταία
872 1815 910 1884 δέ
927 1818 996 1884 τῶν
1013 1817 1196 1904 βασιλικῶν

237 1921 320 1986 ίλῶν
333 1907 373 2003 ἦς
388 1915 566 2004 Ἡγέλοχος
579 1915 598 1985 ό
613 1914 854 2005 Ἱπποστράτου
871 1916 1009 2006 ίλάρχης
1026 1907 1077 2004 ἦν.
1110 1917 1194 2004 ξυμ-

237 2018 344 2105 πάσης
361 2017 400 2086 δέ
416 2021 475 2104 τῆς
493 2024 600 2087 ’ίππου
618 2019 688 2085 τάν
707 2019 850 2106 ἑταίρων
875 2017 1028 2096 Φιλάτας
1051 2009 1152 2106 ἦρχεν
1175 2014 1194 2083 ὁ

203 2124 489 2206 θΠαρμενίωνος.
534 2120 594 2204 τῆς
624 2116 663 2185 δέ
692 2117 867 2204 φάλαγγος
889 2121 959 2186 τῶν
983 2117 1196 2188 Μακεδόνων

238 2218 396 2306 ἐχόμενον
408 2220 478 2287 τάν
493 2219 623 2288 ίιιπέων
637 2219 772 2306 πρῶτον
783 2218 822 2286 τὸ
834 2216 946 2308 άγημα
961 2221 1114 2288 ἐτέτακτο
1127 2221 1196 2286 τῶν
1210 2245 1239 2287 οο

235 2319 457 2388 ὑπασπιστῶν
479 2321 537 2388 καὶ
569 2320 625 2388 έπὶ
652 2319 763 2410 τοότφ
789 2323 826 2387 ολ
849 2317 945 2388 ἄλλοι
969 2316 1195 2388 ὑπασπισταί·

236 2419 349 2509 ἡγεῖτο
372 2419 410 2488 δέ
428 2417 544 2488 αὐτῶν
563 2419 726 2508 Νικάνωρ
742 2419 761 2488 ὁ
780 2419 1039 2510 Παρμενίωνος·
1065 2419 1197 2488 τούτων

238 2521 276 2590 δέ
301 2521 439 2609 ἐχομένη
457 2518 479 2606 ἡ
499 2527 630 2590 Κοίνου
653 2523 716 2589 τοῦ
736 2520 1017 2610 Πολεμοκράτους
1029 2519 1123 2600 τάξις
1141 2511 1198 2607 ἦν,

236 2621 318 2709 μετά
336 2620 375 2690 δὲ
392 2621 536 2701 τοότὸυς
553 2619 575 2709 ἡ
592 2625 785 2710 Περδίκκου
803 2625 865 2690 τοῦ
886 2620 1066 2709 Ὀρόντου,
1086 2626 1199 2690 ἔπειτα

236 2722 258 2808 ἡ
273 2721 475 2812 Μελεάγρου
489 2725 550 2791 τοῦ
566 2723 817 2810 Νεοπτολέμου,
836 2723 892 2790 ἐπὶ
906 2721 978 2808 δέἡ
993 2723 1198 2810 Πολυσπέρ·
1211 2749 1242 2790 τε

237 2849 355 2910 χοντος
372 2825 434 2893 τοῦ
454 2831 617 2913 Σιμμίου,
636 2823 691 2892 εἰιλ
706 2823 745 2892 δέ
761 2821 783 2911 ἡ
797 2821 965 2910 Ἀμόντου
978 2826 1040 2892 τοῦ
1056 2821 1198 2910 Ἀνδρο-

237 2925 378 3012 μένους·
412 2925 537 3014 ταάτης
565 2923 604 2994 δέ
627 2921 741 3012 ἡγεῖτο
766 2931 932 3012 Σιμμίας,
962 2921 1013 2992 ὅτι
1031 2921 1200 3010 Ἀμόντας
1302 2951 1303 2956 ’

240 3027 295 3095 ἐπὶ
319 3031 538 3105 Μακεδονίας
570 3028 603 3104 ἐς
626 3023 802 3112 ξυλλογὴν
818 3027 974 3115 στρατιάς
999 3025 1200 3114 ἐσταλμένος
1301 3091 1302 3101 ,

17 3147 21 3154 ·
97 3129 102 3140 “
189 3142 221 3191 10
238 3117 289 3214 ἦν.
328 3125 367 3194 τὸ
386 3126 425 3194 δέ
442 3125 620 3213 εόοόνυμον
633 3128 693 3213 τῆς
711 3125 886 3213 φάλαγγος
902 3129 972 3195 τάν
985 3125 1201 3196 Μακεδόνων

216 3226 259 3322 ιἦ
278 3227 454 3316 Κρατέρου
478 3229 539 3294 τοῦ
556 3225 779 3317 Ἀλεξάνδρου
796 3227 887 3308 τάξις
905 3225 992 3314 εἶχε,
1018 3227 1076 3295 καὶ
1095 3224 1200 3306 αάτδς
1213 3253 1243 3295 οο
1300 3227 1301 3232 ’

238 3326 409 3416 Κράτερος
442 3327 555 3416 ἐξῆρχε
584 3329 645 3397 τοῦ
673 3327 853 3415 εόωνόμου
883 3329 953 3396 τάν
981 3329 1102 3410 πεζῶν·
1141 3328 1202 3396 καὶ

240 3431 354 3507 ίπιιεῑς
373 3426 525 3515 ἐχόμενοι
538 3426 646 3498 αὐτοῦ
665 3434 702 3498 ολ
716 3428 895 3516 ξύμμαχοι,
913 3419 962 3496 ὧν
979 3427 1093 3516 ἡγεῖτο
1107 3425 1200 3517 Ἐρί·
1298 3507 1299 3533 ρ
