2632 3922
232 117 299 181 226
589 117 841 178 mamm
908 203 916 218 ⁶

234 302 325 361 νειο,
352 274 429 344 ἀλλ’
457 275 583 358 ἄλλους
608 305 645 347 τε
671 281 710 348 έν
733 280 826 368 μέρει
853 284 976 366 ἔπεμπε
1000 281 1057 347 καὶ
1076 276 1125 362 δὴ
1145 279 1212 346 τιαί

236 377 380 464 Μερόην
396 377 508 466 ἄνδρα
522 379 647 467 Ἰνδόν,
663 379 715 448 ὅτι
727 387 831 467 φίλον
844 379 930 448 εἶναι
942 382 979 448 lx
991 384 1142 448 παλαιοῦ
1156 383 1212 467 τῷ

236 477 352 569 Πόρῳ
372 478 436 548 τόν
462 481 606 568 Μερόην
640 487 755 568 ἔμαθε.
782 484 904 566 Πῶρος
920 480 959 550 δὲ
984 479 1029 558 ῦς
1045 480 1087 550 τὰ
1104 479 1211 567 παρὰ

236 582 298 648 τοῦ
318 579 461 668 Μερόου
487 581 612 668 ἤκουσε
637 583 697 650 καί
723 586 761 652 ἁ
785 585 845 652 τοῦ
871 587 993 662 δίψους
1009 579 1077 668 ἅμα
1096 585 1209 663 ένιρα-

235 695 342 767 τεῖτο,
376 683 539 768 ἐπέστησέ
559 710 597 750 τε
622 681 683 752 τόν
716 683 881 770 ἐλέφαντα
905 684 963 750 ιιαλ
987 684 1107 768 κατέβη
1137 675 1235 758 a'ae'5

236 779 362 850 αῦτοῦ·
394 780 441 862 οἷς
468 783 506 850 δὲ
534 785 608 854 ἔπιέ
629 810 667 852 τε
691 785 748 852 καί
774 781 955 871 α’νέψυξεν,
979 781 1071 869 ἄγειν
1088 780 1209 852 αῦτόν

236 887 372 970 σπουδῇ
401 883 577 952 έιιέλευσευ
602 884 684 974 παρ’
708 884 938 973 Ἀλέξανδρον.

184 983 226 1046 19
314 985 383 1051 Καὶ
410 983 429 1051 ὁ
454 983 519 1070 μέν
544 982 662 1071 ἤγετο·
698 984 915 1073 Ἀλέξανδρος
947 984 986 1054 δὲ
1017 982 1062 1064 ὥς
1088 1006 1204 1072 προσ-
1290 1007 1291 1072 3

234 1082 362 1167 α’γοντα
390 1083 549 1172 έπῦθετο,
575 1087 807 1173 πραππειίσας
830 1086 898 1176 πρό
916 1089 974 1173 τῆς
991 1086 1113 1167 τάξεως
1132 1084 1205 1165 ξῦν
1290 1079 1291 1096 ²

233 1180 362 1268 ὀλίγοις
385 1187 455 1252 τῶν
480 1186 624 1274 ἑταίρων
648 1185 782 1276 ἇπαντᾷ
808 1191 856 1278 τῷ
881 1186 1009 1278 Πόρῳ·
1041 1188 1098 1254 καί
1124 1189 1244 1260 ἐπι-ιο

234 1283 360 1370 στήσας
386 1284 447 1354 τὸν
474 1290 580 1356 ἵππον
604 1286 644 1356 τό
668 1313 704 1358 τε
718 1289 863 1375 μέγεθος
882 1289 1082 1375 ἐθαύμαζεν,
1105 1286 1202 1374 ὑπὲρ

234 1387 335 1452 πέντε
353 1386 468 1472 πήχεις
484 1387 630 1474 μάλιστα
647 1391 848 1477 ξυμβαῖνον,
864 1391 922 1458 οιαὶ
939 1387 977 1458 τό
995 1388 1116 1466 ιιοίλλος
1132 1393 1201 1455 τοῦ

234 1485 362 1572 Πείρου
389 1487 446 1554 καί
471 1487 523 1554 ὅτι
547 1487 588 1556 οῦ
616 1492 869 1578 δεδουλωμένος
894 1493 937 1578 τῇ
960 1489 1077 1577 γνοίμη
1097 1491 1201 1576 ἐφαί-

232 1611 328 1669 νετο,
361 1582 439 1652 ἀλλ’
469 1586 582 1674 ὥσπερ
608 1586 653 1656 ἂν
679 1589 767 1680 ἀνὴρ
793 1589 924 1678 δγαθδς
949 1589 1049 1678 ἆνδρλ
1075 1589 1200 1678 ἀγαθῷ

199 1709 216 1756 2
234 1687 420 1772 προσέλθοι
444 1685 533 1776 ὑπὲρ
558 1695 728 1774 βασιλείας
754 1697 814 1778 τῆς
832 1691 939 1760 αῦτοῦ
958 1689 1042 1780 πρὸς
1059 1693 1201 1778 βασιλέα
1213 1723 1239 1762 15

233 1783 338 1854 ἄλλον
371 1790 481 1868 καλῶς
514 1784 753 1877 ἠγωνισμένος.
789 1799 874 1862 ἔνθα
905 1790 948 1877 δὴ
976 1790 1198 1878 Ἀλέξανδρος

232 1891 364 1975 πρῶτος
392 1888 585 1976 προσειπῦυ
611 1891 719 1960 αὐτόν
745 1893 855 1978 λέγειν
881 1894 1055 1962 ἐκέλευσεν
1072 1890 1139 1962 ὅτι
1163 1897 1203 1961 οί

230 1991 393 2074 γενέσθαι
419 1992 539 2062 ἐθέλοι.
591 1995 718 2080 Πωρου
744 1993 783 2060 δὲ
808 1992 1058 2082 ἀποκρίνασθαι
1082 1992 1197 2079 λόγος,
1291 1995 1292 2014 ’

231 2087 284 2156 ὅτι
300 2093 481 2175 βασιλικός
503 2117 560 2176 μοι
584 2095 715 2180 χρῆσαι,
743 2119 770 2162 ιο
756 2085 991 2184 Ἀλέξανδρε.
1029 2091 1109 2162 ουδ’
1108 2095 1196 2162 Αλέ-

232 2191 376 2276 ξανδρος
401 2183 520 2275 ἡσθεὶς
545 2195 593 2280 τῷ
620 2192 724 2284 λόγῳ,
749 2200 849 2262 τοῦτο
874 2193 938 2282 μὲν
964 2200 1054 2266 έσται
1076 2216 1139 2279 σοι,
1166 2187 1195 2262 οἷ
1208 2229 1234 2268 ιο

196 2293 344 2374 3Πῦρε,
373 2295 448 2374 ἔφη,
477 2292 609 2376 ἐμοῦ
588 2311 703 2360 ενεκα
738 2293 782 2362 σό
811 2294 850 2362 δὲ
868 2300 996 2364 σαυτοῦ
1014 2298 1111 2366 ἕνεκα
1128 2295 1149 2364 ό
1163 2324 1197 2363 τι

230 2391 284 2456 σοὶ
304 2397 407 2474 φίλον
425 2389 532 2470 ἀξίου.
567 2390 642 2460 οδε
660 2393 772 2464 πάντα
792 2401 857 2483 ἔφη
876 2399 914 2464 έν
930 2396 1041 2489 τούτῳ
1060 2399 1193 2466 ἐνεῖναι.

231 2489 289 2554 καί
313 2487 540 2612 Ἀλέξανδρος.
554 2492 664 2585 τούτῳ
685 2502 734 2564 ἔτι
751 2498 882 2582 μᾶλλον
900 2499 949 2587 τῷ
969 2496 1059 2587 λόγῳ
1077 2497 1194 2583 ἡσθείς

230 2589 291 2673 τήν
315 2616 351 2656 τε
367 2585 476 2676 ἆρχην
493 2595 540 2683 τῷ
560 2595 674 2684 Πόρῳ
691 2623 761 2664 που
778 2623 814 2666 τε
831 2595 939 2666 αὑτοῦ
953 2596 1073 2666 Ἰνδόν
1091 2602 1193 2666 ἔδακε

230 2689 286 2756 καὶ
313 2686 462 2776 ῦλλην”
443 2717 491 2760 ετι
515 2693 632 2780 χώραν
657 2698 745 2786 πρὸς
765 2699 807 2785 τῇ
827 2697 931 2766 πόλοι
947 2696 1035 2787 οῦση
1054 2706 1191 2768 πλείονα
1203 2731 1228 2770 αι

230 2795 288 2876 τῆς
306 2789 458 2878 πρόσθεν
476 2797 682 2882 προσέθηκε
708 2795 835 2866 καὶ”
792 2825 899 2879 ουτως
924 2799 1028 2879 αῦτός
1045 2827 1081 2870 τε
1097 2807 1190 2885 βασι-

230 2896 330 2970 λικῦς
356 2894 558 2981 κεχρημένος
583 2887 628 2980 ἦν
655 2895 757 2984 ἀνδρί
782 2894 904 2992 ἀγαθῷ
930 2901 988 2970 καί
1016 2904 1189 2991 έκείυῳέκ

228 2990 354 3060 τοῦτον
382 2992 466 3072 ές”
442 3019 577 3062 απαντα
602 2999 708 3086 πιστῷ
728 2997 899 3085 ἐχρήσατο.
925 3006 1027 3072 τοῦτο
1044 3001 1082 3070 τό
1100 3002 1188 3080 τέλος

229 3092 271 3178 τῇ
290 3090 380 3180 μόχη
399 3119 440 3180 τη
461 3094 545 3178 πρὸς
559 3095 685 3180 Πῶρόν
702 3123 738 3165 τε
755 3101 813 3166 καὶ
830 3100 912 3180 τούς
931 3100 983 3170 ἐπ’
1005 3105 1117 3172 έκεῖνο
1131 3105 1187 3170 τοῦ

225 3187 396 3260 Τδοίσπου
424 3197 574 3279 ποταμοῦ
599 3195 731 3276 Ἰνδοῦς
745 3197 951 3294 Ἀλεξάνδρον
979 3203 1152 3289 ἐγένετο’
1136 3201 1184 3272 ον’
1196 3233 1223 3272 οι

197 3293 206 3306 “
228 3287 391 3378 ἄρχοντος
403 3289 595 3378 Ἀθηναίοις
612 3295 794 3385 Ἡγεμόνος
810 3302 916 3388 μηνός
933 3308 1184 3391 Μουνυχιῶνος.

190 3419 209 3467 4
297 3386 371 3456 Ἵνα
396 3389 471 3458 δε
451 3419 472 3478 η
490 3394 579 3480 μα’χη
597 3397 721 3485 ξυνέβη
739 3400 796 3467 καί
814 3405 916 3469 ἔνθεν
933 3401 1130 3491 ὁρμηθεὶς’
1114 3405 1185 3474 επέ-
