2546 3920
396 160 579 214 ιαιειειω
597 163 624 226 τ,
643 164 682 217 ιο.
700 165 742 213 κο.
989 159 1061 226 319.

80 321 153 388 τάν
179 317 217 387 δέ
243 315 356 386 ἀλλων
384 314 447 385 ὅσα
472 319 505 396 ἐς
523 325 718 406 ναυπηγίαν
735 316 871 407 ἀπόρως
889 319 1059 408 ἔχειντὴν

83 424 151 505 γῆν
176 418 318 506 ταύτην·
361 417 568 506 πληρώματα
594 419 633 487 δὲ
660 421 694 498 ές
719 416 781 498 τάς
806 421 894 500 ναῦς
919 422 976 489 καὶ
993 418 1057 502 τάς

83 519 191 598 ἄλλας
219 517 407 608 ὑπηρεσίας
442 521 649 607 πορφυρέων
683 546 719 589 τε
744 523 876 607 πλῆθος
902 522 968 588 κάλ’
983 526 1057 588 τῶν

84 620 201 688 ἀλλων
226 617 299 690 ὅσοι
323 619 459 707 ἐργάται
475 622 534 706 τῆς
550 619 725 707 θαλάσσης
742 619 886 708 ἀφῖχθαι
903 619 996 712 αὐτῷ
1016 623 1057 690 ἐκ

55 748 71 788 τ
88 727 248 805 Φοινίκης
265 746 301 789 τε
318 721 451 806 καὶτῆς
474 717 576 808 ἀλλης
594 727 778 810 παραλίας·
818 722 934 809 λιμένα
950 748 985 790 τε
1002 720 1057 790 ὅτιΙ

85 820 176 910 πρδς
193 824 373 907 Βαβυλῶνι
392 824 498 890 ἐποίει
521 817 670 908 ὀρυκτὸν
695 819 778 890 ὅσον
803 829 923 909 χιλίαις
949 825 1054 892 ναυσὶ
1156 833 1159 840 “

84 935 233 1009 μακραλς
246 919 353 1011 ὅρμον
371 920 528 991 εἶναικαὶ
546 928 750 1002 νεωσοίκους
765 923 821 991 ἐπὶ
834 928 895 992 τοῦ
909 924 1051 1010 λιμένος.

84 1023 145 1091 καί
179 1028 356 1102 Μίκκαλος
394 1019 412 1091 ὁ
448 1023 668 1111 Κλαζομένιος
708 1021 790 1110 μετά
823 1031 1092 1092 πεντακοσίωνὸ

84 1123 262 1192 ταλάντων
295 1123 351 1193 ἐπὶ
385 1128 542 1210 Φοινίκης
568 1149 605 1192 τε
630 1125 687 1193 καὶ
715 1128 845 1211 Συρίας
871 1125 1054 1212 ἐστέλλετο,

40 1253 71 1294 10
87 1223 170 1304 τοῦς
195 1223 259 1311 μέν
283 1225 394 1316 μισθῷ
422 1231 562 1312 πείσων,
586 1223 669 1304 τοῦς
695 1223 734 1293 δὲ
759 1225 816 1293 καλ
843 1222 1054 1312 ὠνησόμενος

87 1323 162 1394 ὅσοι
179 1323 357 1393 θαλάσσιοι
373 1323 560 1414 ἀνθρωττοι.
587 1325 650 1412 τήν
667 1351 703 1394 τε
719 1323 785 1413 γάρ
803 1332 973 1410 παραλίαν
991 1326 1054 1412 τὴν

88 1425 174 1515 πρὸς
191 1429 238 1516 τῷ
265 1423 379 1517 κόλπῳ
395 1427 443 1514 τῷ
462 1431 620 1516 Περσικῷ
636 1431 832 1508 κατοικίζειν
850 1426 980 1495 ἐπενόει
996 1428 1054 1494 καὶ

86 1527 149 1606 τάς
174 1526 300 1614 νήσους
327 1525 387 1605 τάς
413 1525 531 1613 ταύτῃ.
578 1526 686 1595 ἐδόκει
702 1525 767 1615 γάρ
786 1523 879 1617 αῦτρῐ
898 1525 939 1595 οῦ
958 1541 1054 1614 μεῖον

88 1624 133 1695 ἀν
162 1633 323 1714 Φοινίκης
349 1624 522 1714 εὐδαίμων
539 1625 561 1714 ἡ
580 1627 675 1716 χάρα
692 1626 780 1715 αῦτη
796 1627 965 1714 γενέσθαι.
1009 1621 1092 1714 ἦν6

46 1756 75 1798 ιτ
92 1728 131 1796 δὲ
149 1726 242 1818 αὐτῷ
260 1732 321 1796 τοῦ
339 1731 503 1796 ναυτικοῦ
520 1726 542 1814 ἡ
560 1729 756 1816 παρασκευὴ
775 1726 820 1808 αἱς
839 1728 895 1796 ἐπὶ
903 1725 1054 1816 ’Ἄραβας

88 1827 176 1908 τοῦς
194 1826 355 1913 πολλοῦς,
381 1826 552 1914 πρόφασιν
576 1829 653 1915 μέν,
679 1827 730 1896 ὅτι
747 1827 845 1916 μόνοι
861 1832 931 1897 τῶν
948 1828 1055 1917 ταάτη

89 1928 273 2018 βαρβάρων
299 1925 378 1997 οὔτε
404 1933 587 2016 πρεσβείαν
613 1927 812 1998 ἀπέστειλαν
829 1926 907 1998 οὔτε
922 1955 955 1997 τι
973 1927 1059 1998 ἀλλο

91 2029 231 2110 ἐπιεικὲς
256 2023 278 2117 ἢ
305 2030 361 2097 ἐπὶ
387 2033 467 2118 τιμῇ
495 2029 682 2119 ἐπέπρακτο
697 2026 844 2117 Ἀραψιυ
871 2031 905 2109 ἐς
932 2027 1056 2098 αὐτόν·

89 2130 127 2200 τὸ
154 2129 193 2199 δέ
219 2128 355 2218 ἀληθές,
384 2126 429 2210 ἀς
455 2128 576 2217 νέμοι
601 2134 707 2218 δοκεῖ,
733 2127 900 2219 ἄπληστος
924 2123 969 2216 ἦν
992 2133 1055 2198 τοῦ

46 2261 77 2300 εο
92 2233 243 2300 κτᾶσθαί
263 2258 295 2299 τι
320 2229 373 2299 ἀεὶ
395 2228 625 2319 Ἀλέξανδρος.
740 2243 743 2248 “

168 2331 277 2418 Λόγος
301 2331 339 2401 δὲ
356 2331 483 2417 κατέχει
500 2328 550 2400 ὅτι
565 2329 690 2418 ἤκουεν
700 2328 848 2419 Ἀραβας
866 2328 931 2400 δάο
947 2330 1053 2418 μόνον
1063 2327 1109 2395 20

90 2437 191 2520 τιμάν
215 2431 338 2519 δεοάς,
364 2429 427 2500 τδν
455 2429 616 2518 Οὐρανόν
641 2457 677 2501 τε
702 2432 759 2500 καὶ
784 2431 846 2501 τὸν
871 2431 1056 2520 Διόνυσον,

91 2531 153 2600 τδν
178 2531 240 2619 μέν
262 2530 424 2622 Οάρανδν
450 2528 557 2600 αὐτόν
573 2558 610 2602 τε
626 2530 800 2622 ἀράμενον
816 2532 875 2601 καλ
891 2531 932 2600 τά
950 2529 1056 2619 ἀστρα

94 2635 132 2701 ἐν
158 2627 192 2700 ολ
218 2638 336 2719 ἔχοντα
361 2631 402 2700 τά
427 2657 464 2701 τε
488 2630 574 2701 ἀλλα
591 2632 648 2702 καὶ
673 2633 735 2702 τδν
751 2630 860 2720 ἥλιον,
886 2631 946 2720 ἀφ’
976 2631 1057 2702 ὅτου

52 2726 115 2818 κτὴ
142 2739 280 2820 μεγίστη
293 2735 363 2824 ,καλ
390 2733 562 2819 φανοτάτη
589 2732 732 2822 ἀφέλεια
749 2735 784 2814 ές
801 2732 911 2802 πάντα
928 2730 998 2820 ἥκει
1014 2732 1058 2800 τά

94 2831 307 2918 ἀνθρώπεια·
334 2831 506 2902 Διόνυσον
523 2833 561 2902 δέ
578 2833 663 2903 κατά
681 2834 785 2914 δόξαν
801 2837 860 2921 τῆς
879 2835 912 2912 ἐς
925 2830 1058 2913 Ἰνδοῦς

94 2939 276 3020 στρατείας.
317 2930 445 3002 οῦκουν
472 2932 638 3017 ἀπαξιοῦν
663 2934 720 3004 καλ
746 2931 857 3003 αῦτδν
881 2939 995 3022 τρίτον
1013 2929 1059 3002 ἀν

94 3038 297 3121 νομισθῆναι
314 3033 399 3122 πρὸς
415 3026 566 3120 Ἀράβων
582 3034 678 3123 θεόν,
705 3031 746 3106 οῦ
764 3034 956 3122 φαυλότερα
975 3040 1056 3122 ἔργα

95 3134 269 3205 Διονύσου
301 3131 578 3220 ἀποδειξάμενον,
613 3147 707 3224 εἴπερ
733 3127 798 3204 οῦν
823 3137 881 3204 καλ
903 3133 1057 3225 Ἀράβων

52 3267 81 3306 το
94 3235 271 3324 κρατήσας,
290 3235 497 3326 ἐπιτρέψειεν
509 3233 637 3321 αὐτοῖς,
651 3236 804 3324 καθάπερ
814 3234 946 3323 Ἰνδοῖς,
960 3244 1055 3304 πολι-

93 3337 203 3407 τεύειν
220 3335 305 3406 κατά
321 3337 362 3406 τά
382 3339 480 3423 σφῦν
497 3335 630 3423 νόμιμα.
656 3339 716 3424 τῆς
732 3364 768 3406 τε
780 3335 892 3425 χώρας
904 3333 926 3424 ἡ
939 3335 1055 3405 εάδαι-
1072 3353 1092 3402 2

95 3444 195 3526 μονία
216 3437 371 3508 ἀπεκίνει
387 3435 506 3529 αάτόν,
523 3435 574 3506 ὅτι
586 3436 708 3526 η”κουευ
722 3440 758 3507 έκ
771 3437 835 3527 μέν
846 3443 915 3507 τῶν
929 3442 1056 3525 λιμνῶν
