2620 3924
248 139 308 204 116
601 137 855 198 Αεεῐεευοεοτ

247 287 283 350 ολ
298 282 464 369 ξύμμαχοι
485 285 617 366 ἱππεῖς,
645 271 694 348 ὧν
718 272 797 368 ἦρχε
816 287 1005 368 Κοίρανος,
1033 282 1088 349 ἐπὶ
1115 280 1154 350 δὲ
1178 285 1216 350 οί

243 383 405 468 Ὀδρύσαι
433 387 564 466 ἱππεῖς,
596 371 645 449 ὧν
671 379 784 468 ἡγεῖτο
808 380 964 467 Ἀγάθων
991 380 1009 448 ό
1043 390 1209 470 Τυρίμμα.

212 503 229 552 σ
248 483 451 570 ξυμπάντων
476 482 514 551 δὲ
537 483 646 570 ταύτῃ
674 482 866 570 προετάχθη
892 481 912 569 ἡ
931 481 1041 570 ξενικὴ
1059 487 1162 563 ἵππος
1189 481 1209 571 ἡ

246 589 315 653 τῶν
333 584 568 672 μισθοφόρων,
587 573 636 652 οἷν
650 574 752 670 ἦρχεν
766 583 994 671 Ἀνδρόμαχος
1013 583 1031 652 ὁ
1049 582 1209 672 Ἱέρωνος.

249 688 304 755 ἐπὶ
322 685 361 754 δὲ
378 700 449 764 τοῖς
464 685 684 772 σκευοφόροις
698 689 734 752 σί
749 683 816 752 άπὸ
836 685 972 774 Θράκης
985 686 1075 768 πεζοὶ
1091 688 1124 764 ἐς
1139 713 1207 772 φν·
1224 709 1239 751 5

248 785 354 873 λακὴν
381 785 581 872 ἐτάχθησαν.
616 785 638 873 ἡ
662 783 701 854 δὲ
722 789 814 854 πᾶσα
832 785 969 873 στρατιά
985 785 1209 875 Ἀλεξάνδρου

250 893 363 966 ίππεῑς
377 885 440 973 μὲν
456 890 489 965 ἐς
505 888 786 975 ἑπτακισχιλίους,
800 889 889 969 πεζοὶ
905 886 943 955 δὲ
957 885 1044 974 άμφλ
1058 886 1118 968 τὰς
1131 889 1209 956 τέσ-

248 1009 354 1077 σαρας
371 987 548 1074 μυριάδας.

199 1102 239 1168 13
321 1089 378 1168 Ὡς
396 1089 434 1157 δὲ
452 1087 538 1175 ὁμοῦ
557 1086 620 1176 ἤδη
638 1088 680 1156 τὰ
699 1088 908 1176 στρατόπεδα
927 1092 1091 1176 ἐγίγνετο,
1110 1085 1209 1176 ὤφθη

248 1189 395 1277 Δαρεῖός
421 1216 457 1258 τε
489 1191 546 1257 καὶ
570 1194 606 1256 οί
622 1187 717 1276 ·άμφ’
746 1188 865 1277 αὐτόν,
897 1195 932 1270 οἵ
960 1215 996 1258 τε
1024 1189 1211 1277 μηλοφόροι
1226 1215 1253 1254 ιο

249 1294 379 1379 Πέρσαι
402 1291 459 1358 καὶ
475 1287 576 1360 Ἰνδοὶ
601 1292 658 1358 καὶ
674 1289 832 1380 Ἀλβανοὶ
856 1293 913 1359 καὶ
932 1293 1043 1379 Κᾶρες
1066 1295 1103 1359 ολ
1124 1289 1210 1358 άνά-

249 1411 390 1462 σπαστω
406 1393 463 1460 καὶ
483 1397 519 1459 οί
531 1390 669 1478 Μάρδοι
686 1391 830 1480 τοξόται,
843 1391 915 1460 κατ’
936 1391 1043 1460 αύτδν
1053 1390 1210 1472 Ἀλέξαν-

180 1528 187 1538 ·
249 1499 332 1580 δρον
356 1493 551 1578 τεταγμένοι
574 1493 631 1560 καὶ
656 1491 717 1579 τὴν
742 1501 818 1580 ἴλην
841 1491 902 1580 τὴν
925 1492 1109 1580 βασιλικήν.
1151 1483 1211 1580 κ’γγε

249 1593 288 1662 δέ
306 1592 352 1672 οἱς
370 1595 427 1662 ἐπὶ
445 1593 483 1661 τό
508 1594 619 1674 δεξιὸν
640 1593 679 1660 τὸ
704 1592 811 1662 αύτοῦ
833 1592 1051 1682 Ἀλέξανδρος
1068 1595 1210 1681 μᾶλλον,

248 1696 306 1763 καὶ
347 1700 383 1763 οί
415 1697 544 1782 Πέρσαι
581 1693 830 1783 ἀντιπαρῆγον,
864 1691 1209 1783 ύπερφαλαγχοῦντες
1225 1720 1252 1759 15

215 1812 232 1861 ν
251 1795 339 1864 πολύ
361 1797 416 1865 ἐπὶ
435 1799 482 1887 τῷ
510 1797 609 1881 σφῶν
627 1793 804 1888 εὐωνύμῳ.
843 1793 906 1884 ἤδη
924 1823 959 1864 τε
977 1802 1013 1865 ολ
1026 1799 1096 1864 τῶν
1115 1805 1211 1866 Σκυ-

133 1923 137 1933 ·
249 1900 325 1966 θῶν
345 1901 457 1976 ίππεῐς
476 1897 745 1984 παριππεύοντες
768 1893 913 1984 ἥπτοντο
935 1901 1004 1966 τῶν
1027 1919 1212 1985 προτεταγ-

248 2000 362 2085 μένων
379 1999 438 2085 τῇς
455 1997 677 2085 Ἀλεξάνδρου
703 1999 826 2078 τάξεως
850 1999 907 2066 καὶ
928 1996 1145 2085 Ἀλέξανδρος
1165 2003 1214 2068 ἔτι

250 2096 340 2184 ὅμως
357 2089 438 2185 ἦγεν
458 2098 513 2168 ἐπὶ
532 2099 637 2186 δόρυ,
661 2101 718 2168 καὶ
738 2099 841 2185 ε’γγύς
858 2089 901 2186 ἦν
917 2103 978 2168 τοῦ
999 2099 1212 2178 ἐξαλλάσσειν

248 2199 309 2267 τόν
325 2197 618 2288 άδοπεποιημένον
632 2199 717 2286 πρός
730 2202 799 2268 τῶν
815 2203 958 2287 Περσῶν
972 2203 1091 2286 χῶρον.
1126 2206 1210 2268 ἔνθα
1225 2225 1254 2264 εο

250 2300 292 2388 δὴ
317 2305 431 2378 δείσας
456 2312 603 2388 Δαρεῖος
628 2300 674 2388 μὴ
700 2301 992 2390 προχωρησάντων
1020 2304 1053 2381 ἐς
1079 2301 1119 2370 τὰ
1147 2299 1211 2385 ούχ

250 2399 359 2488 ὁμαλά
378 2403 448 2468 τῶν
464 2399 676 2470 Μακεδόνων
690 2399 809 2490 άχρεῖά
826 2421 921 2490 σφισι
938 2404 1073 2490 γένηται
1087 2400 1128 2470 τά
1147 2399 1211 2489 ἅρ-

189 2576 193 2584 ,
250 2528 356 2590 ματα,
381 2502 509 2570 κελεύει
531 2503 613 2581 τούς
638 2505 928 2590 προτεταγμένους
951 2507 1011 2571 τοῦ
1030 2501 1212 2588 εύωνύμον

251 2602 482 2688 περιϊππεύειν
498 2601 536 2671 τό
555 2607 655 2691 κέρας
672 2601 710 2672 τό
726 2604 849 2693 δεξιόν,
867 2595 889 2693 ἦ
903 2602 1122 2692 Ἀλέξανδρος
1140 2595 1213 2692 ἦγε,

249 2705 312 2772 τού
339 2705 455 2791 μηκέτι
483 2707 684 2794 προσωτέρω
711 2703 838 2785 αύτούς
870 2705 998 2792 ἐξάγειν
1029 2705 1067 2772 τὸ
1101 2707 1212 2792 κέρας.
1226 2729 1258 2770 εε

217 2817 234 2866 θ
253 2804 377 2874 τούτου
397 2804 435 2873 δὲ
453 2808 638 2892 γενομένου
654 2803 872 2894 Ἀλέξανδρος
892 2807 1067 2895 ἐμβάλλειν
1084 2805 1214 2874 κελεύει
1299 2885 1300 2895 ¹

253 2907 286 2985 ἐς
304 2902 433 2986 αύτούς
458 2907 540 2987 τούς
564 2906 797 2994 μισθοφόρους
818 2909 959 2994 ίππέας,
984 2897 1032 2975 ὧν
1059 2912 1215 2986 Μενίδας
1298 2977 1299 2980 ,

250 3005 374 3092 ἡγεῖτο.
406 3005 695 3096 ἀντεκδραμόντες
713 3007 752 3076 δέ
767 3007 814 3078 ἐπ’
834 3007 962 3088 αὐτούς
980 3013 1016 3077 οι
1026 3033 1062 3076 τε
1077 3007 1215 3076 Σκύθαι
1298 3001 1299 3055 ό

245 3110 367 3186 ,ἱππεῖς
400 3108 458 3176 καλ
491 3109 559 3175 τῶν
586 3116 764 3196 Βακτρίων
796 3114 832 3177 οἱ
855 3107 1113 3196 ξυντεταγμενοι
1143 3123 1216 3187 τοῖς

252 3205 409 3287 Σκύθαις
432 3209 613 3334 τρέπουσιμ
632 3207 813 3338 όλίγμυς”’
795 3223 894 3288 οντας
916 3212 1030 3300 πολλῷ
1050 3217 1212 3288 πλείονες.
1229 3232 1258 3272 εο

248 3303 466 3395 Αλεξανδρος
484 3308 523 3378 δ
539 3310 621 3390 τούς
639 3311 716 3398 περὶ
731 3309 918 3397 Ἀρίστωνά
934 3337 982 3395 τε,
999 3310 1082 3390 τούς
1101 3317 1213 3380 Παίο-
1296 3299 1297 3373 λ

251 3433 332 3494 νας,
356 3409 414 3476 καὶ
439 3411 519 3490 τούς
543 3413 662 3492 ξένους
688 3413 846 3499 ἐμβαλεῖν
871 3427 943 3490 τοῖς
962 3411 1118 3490 Σκύθαις
1140 3413 1221 3482 ίκέτ
