2546 3920
422 177 608 248 επεεεειε
626 183 652 244 ι,
670 181 711 234 ιι.
984 177 1047 242 287

84 334 140 402 καὶ
157 333 257 404 ύδατι
275 332 362 404 εἶναι
378 333 590 424 κατάρρυτον
602 335 660 427 καὶ
678 335 765 405 πόαν
782 325 927 422 βαθεῖαν
940 362 1052 424 πεφυ-

84 436 178 503 κέναι
195 437 232 503 ἐν
245 438 292 526 τῷ
306 437 450 522 λειμῶνι.
469 433 576 504 αὐτόν
590 435 627 504 δὲ
640 435 700 505 τόν
713 435 822 523 τάφον
834 435 875 506 τά
888 436 951 525 μὲν
964 435 1052 506 κάτω
1070 450 1088 499 5

84 543 186 606 λίθου
204 538 409 627 τετραπέδου
431 539 465 616 ἐς
485 535 697 624 τετράγωνον
711 541 821 625 σχήμα
834 542 1051 624 πεπονῆσθαι·

84 635 218 706 άυωθεν
257 636 295 706 δὲ
328 647 460 725 οίκημιί·
484 637 612 705 έπείναι
637 643 771 707 λίθινον
798 638 1053 726 ἐστεγασμένον,

46 764 60 804 ε
86 742 216 825 θυρίδα
244 743 322 825 ἔχον
349 738 523 828 φέρουσαν
549 745 629 806 είσω
657 737 790 826 στενήν,
819 737 864 819 ὥς
890 739 984 826 μόλις
1011 735 1054 807 ἂν

86 837 124 908 εἴ
130 866 199 907 ναι
217 835 319 926 άνδρλ
332 835 373 906 ού
391 836 527 930 μεγάλῳ
541 837 648 906 πολλά
662 842 915 932 κακοπαθοῦντι
927 847 1053 928 παρελ-
1099 869 1105 877 ·’

84 949 185 1008 θείν.Δ
221 941 258 1008 ἐν
284 937 323 1007 δὲ
347 945 396 1030 τῷ
423 937 578 1027 οίκήματι
604 937 731 1009 πύελον
757 944 888 1028 χρυσην
906 951 1053 1025 κεῖσθαι,

86 1045 142 1108 ἵνα
168 1039 206 1108 τό
227 1041 322 1128 σῶμα
339 1045 400 1108 τοῦ
418 1039 538 1128 Κύρου
558 1039 731 1127 ἐτέθαπτο,
750 1041 806 1109 καί
823 1049 944 1128 κλίνην
961 1041 1052 1128 παρά

85 1145 128 1228 τῇ
145 1141 275 1234 πυέλῳ·
303 1141 409 1219 πόδας
427 1139 466 1209 δὲ
481 1138 568 1208 εἶναι
579 1145 622 1228 τῇ
640 1148 740 1230 κλίνη
755 1144 904 1229 χρυσοῦς
918 1161 1052 1229 σφυρη-

45 1265 72 1305 ιο
86 1240 220 1329 λάτονς,
247 1243 304 1310 καὶ
329 1240 460 1328 τάπητα
479 1240 971 1330 έπιβλημάτεονΒοιβυλοινίων,
997 1243 1055 1310 καὶ
1171 1321 1175 1334 Ι

85 1341 259 1423 καυνάκας
278 1346 479 1431 πορφυροῦς
497 1337 755 1430 ύποστράματα.
799 1345 926 1412 ἐπεῖναι
944 1342 982 1411 δὲ
998 1343 1054 1412 καὶ
1071 1354 1091 1403 6
1110 1333 1121 1413 ⁸.

87 1444 214 1524 κάνδυς
241 1443 298 1512 καὶ
324 1441 449 1523 άλλους
473 1448 614 1529 χιτῶνας
632 1447 693 1531 τής
711 1447 934 1530 Βαβυλωνίου
954 1445 1055 1530 ἐργα-

88 1553 173 1622 σίας.
200 1545 256 1612 καὶ
271 1540 473 1632 ἀναξυρίδες
487 1544 640 1631 Μηδικαὶ
654 1543 711 1612 καὶ
725 1546 841 1613 στολαὶ
854 1537 1068 1613 ύακιυθινο-,

87 1653 208 1733 βαφεῖς
242 1646 331 1730 λέγει
360 1642 411 1712 ότι
446 1649 583 1732 ἔκειντο,
611 1647 650 1711 a!
671 1643 710 1712 δὲ
736 1643 928 1733 πορφύρας,
954 1649 993 1713 αί
1016 1644 1055 1714 δέ

47 1771 74 1812 1⁵
87 1745 190 1832 άλλης
215 1747 273 1814 καλ
297 1743 400 1832 άλλης
417 1743 532 1834 χρόας,
559 1745 616 1814 καὶ
643 1746 799 1835 στρεπτοὶ
824 1745 882 1814 καὶ
900 1741 1056 1814 ἀκινάκαι
1082 1743 1085 1750 ’

87 1845 142 1914 καὶ
157 1845 276 1915 ἐνιότια
289 1851 419 1936 χρυσοῦ
433 1871 468 1914 τε
482 1845 538 1914 καί
553 1851 662 1914 λίθων
675 1844 831 1932 κολλητά,
845 1847 902 1914 καὶ
912 1843 1055 1935 τράπεζα

88 1953 200 2016 ἔκειτο.
238 1949 275 2016 έν
291 1948 383 2039 μέσφ
403 1945 442 2014 δὲ
458 1951 517 2034 τῆς
533 1953 651 2032 κλίνης
669 1945 690 2033 ή
710 1946 836 2027 πύελος
856 1952 959 2014 ἔκειτο
979 1939 1000 2032 ή
1019 1945 1055 2014 τό

7 2131 9 2134 ¹
87 2053 183 2135 σῶμα
194 2053 257 2116 τοῦ
267 2045 528 2135 Κύρουέχουσα,
549 2043 636 2116 εἶναι
650 2046 688 2116 δὲ
698 2045 792 2127 ἐντός
804 2051 866 2116 τοῦ
876 2045 1054 2134 περιβόλου
1072 2059 1090 2108 ’ί

85 2147 171 2238 πρός
189 2153 232 2237 τῇ
241 2146 414 2235 ,ἀναβάσει
430 2150 472 2236 τῇ
493 2148 548 2216 ἐπὶ
561 2146 622 2216 τόν
636 2148 745 2236 τάφον
763 2146 915 2237 φερούση
933 2157 1055 2235 οίκημα

47 2279 74 2320 ιο
88 2246 231 2338 σμικρόν
249 2264 320 2329 τοῖς
338 2249 473 2336 Μάγοις
490 2250 724 2336 πεποιημένον,
751 2255 786 2317 οἳ
801 2247 843 2336 δή
862 2247 1056 2334 ἐφύλασσον

84 2350 145 2420 τόν
163 2349 282 2440 Κύρου
309 2349 435 2437 τάφου,
467 2355 512 2418 ἔτι
536 2344 603 2418 άπὸ
622 2348 813 2438 Καμβύσου
842 2350 905 2416 τοῦ
923 2346 1054 2436 Κύρου,

85 2465 164 2530 παῖς
191 2449 281 2540 παρά
300 2451 426 2540 πατρὸς
461 2450 677 2537 ἐκδεχόμενος
708 2448 769 2537 τήν
787 2447 954 2538 φυλακήν.
998 2450 1056 2517 καὶ

85 2551 218 2630 τούτοις
244 2550 418 2640 πρόβατόν
436 2577 472 2618 τε
492 2553 524 2630 ές
543 2551 672 2638 ἡμέραν
691 2552 822 2620 ἐδίδοτο
841 2551 877 2618 έκ
894 2549 1057 2638 βασιλέως

87 2651 145 2719 καί
165 2649 319 2738 ἀλεύρων
335 2677 372 2720 τε
388 2652 448 2718 καί
465 2659 562 2720 οἴνου
579 2650 765 2737 τεταγμένα
778 2651 835 2718 καὶ
853 2655 954 2732 ἵππος
971 2649 1056 2718 κατά

46 2779 73 2819 ιε
86 2753 178 2840 μῆνα
196 2753 230 2830 ἐς
247 2757 377 2821 θυσίαν
394 2756 440 2842 τῷ
460 2749 576 2842 Κύρῳ.
613 2750 841 2837 ἐπεγέγραπτο
859 2750 896 2819 δὲ
914 2748 932 2819 ό
950 2751 1057 2836 τάφος

13 2937 17 2944 .
65 2857 268 2939 ’Περσικοῖς
301 2850 487 2941 γράμμασι·
528 2850 584 2919 καί
619 2849 740 2936 ἐδήλου
768 2850 927 2937 Περσιστὶ
959 2850 1055 2919 τάδε·

86 2945 115 3022 τό
150 2950 483 3041 άνθρυπε,·έγύ
511 2950 649 3039 Κῦρός
677 2956 761 3038 είμι
789 2947 807 3018 ό
834 2943 1091 3038 Καμβύσουε
1190 2993 1193 3000 =

85 3053 104 3122 ό
132 3051 204 3140 τήν
231 3052 362 3142 ἀρχήν
386 3053 570 3141 Πέρσαις
596 3048 961 3138 καταστησάμενος
987 3053 1055 3122 καί

84 3153 309 3243 τῆςἈσίας
335 3153 600 3242 βασιλεύσας.
624 3149 704 3240 ’Μή
732 3143 809 3221 οῦν
835 3151 1056 3241 φθονήσης

44 3283 155 3344 εομοι
179 3260 252 3325 τοῦ
278 3254 499 3343 μνήματος.
622 3299 625 3306 -
1149 3337 1156 3347 Ι,

162 3351 378 3447 Ἀλέξανδρος
404 3354 443 3424 δὲ
469 3347 635 3449 (ἐπιμελὲς
662 3351 727 3444 γάρ
754 3345 797 3442 ἦν
821 3352 932 3445 αύτῷ,
958 3351 1091 3428 ὁπότεο

90 3459 159 3526 ἕλοι
176 3459 324 3548 Πέρσας,
350 3456 505 3548 παριέναι
522 3459 555 3536 ές
573 3459 634 3526 τοῦ
654 3453 774 3545 Κύρου
792 3453 855 3524 τόν
871 3451 996 3544 τάφον)
1014 3450 1054 3522 τά
