<?xml version="1.0" encoding="UTF-8"?>
<!DOCTYPE html PUBLIC "-//W3C//DTD XHTML 1.0 Transitional//EN"
    "http://www.w3.org/TR/xhtml1/DTD/xhtml1-transitional.dtd">
<html xmlns="http://www.w3.org/1999/xhtml" xml:lang="en" lang="en">
 <head>
  <title>
</title>
<meta http-equiv="Content-Type" content="text/html;charset=utf-8" />
  <meta name='ocr-system' content='tesseract 3.04.00' />
  <meta name='ocr-capabilities' content='ocr_page ocr_carea ocr_par ocr_line ocrx_word'/>
</head>
<body>
  <div class='ocr_page' id='page_1' title='image "./arrianianabasis01arrigoog_0318.png"; bbox 0 0 2546 3920; ppageno 0'>
   <div class='ocr_carea' id='block_1_1' title="bbox 451 167 1069 232">
    <p class='ocr_par' dir='ltr' id='par_1_1' title="bbox 451 167 1069 232">
     <span class='ocr_line' id='line_1_1' title="bbox 451 167 1069 232; baseline 0.002 -13"><span class='ocrx_word' id='word_1_1' title='bbox 451 167 636 220; x_wconf 73' lang='grc' dir='ltr'><strong><em>εωεεεειε</em></strong></span> <span class='ocrx_word' id='word_1_2' title='bbox 655 170 681 232; x_wconf 84' lang='grc' dir='ltr'><strong><em>ι,</em></strong></span> <span class='ocrx_word' id='word_1_3' title='bbox 698 171 723 220; x_wconf 83' lang='grc' dir='ltr'><strong><em>ο.</em></strong></span> <span class='ocrx_word' id='word_1_4' title='bbox 1009 167 1069 230; x_wconf 88' lang='lat'><strong><em>301</em></strong></span> 
     </span>
    </p>
   </div>
   <div class='ocr_carea' id='block_1_2' title="bbox 65 316 1166 3544">
    <p class='ocr_par' dir='ltr' id='par_1_2' title="bbox 65 316 1166 2326">
     <span class='ocr_line' id='line_1_2' title="bbox 105 316 1076 414; baseline -0.003 -18"><span class='ocrx_word' id='word_1_5' title='bbox 105 331 187 414; x_wconf 62' lang='lat' dir='ltr'><strong><em>oms,</em></strong></span> <span class='ocrx_word' id='word_1_6' title='bbox 214 323 276 412; x_wconf 81' lang='grc' dir='ltr'><strong><em>ἀφ’</em></strong></span> <span class='ocrx_word' id='word_1_7' title='bbox 306 316 354 394; x_wconf 81' lang='grc' dir='ltr'><strong><em>ἀν</em></strong></span> <span class='ocrx_word' id='word_1_8' title='bbox 380 323 533 412; x_wconf 77' lang='grc' dir='ltr'><strong><em>πρόσθεν</em></strong></span> <span class='ocrx_word' id='word_1_9' title='bbox 559 322 684 411; x_wconf 78' lang='grc' dir='ltr'><em>ἤγεσθε</em></span> <span class='ocrx_word' id='word_1_10' title='bbox 710 326 780 394; x_wconf 77' lang='grc' dir='ltr'><strong><em>καῖ’</em></strong></span> <span class='ocrx_word' id='word_1_11' title='bbox 796 323 957 412; x_wconf 77' lang='grc' dir='ltr'><strong><em>ἐφέρεσδε</em></strong></span> <span class='ocrx_word' id='word_1_12' title='bbox 974 319 1076 393; x_wconf 85' lang='grc' dir='ltr'><strong><em>αύτοῖ</em></strong></span> 
     </span>
     <span class='ocr_line' id='line_1_3' title="bbox 104 422 1073 514; baseline -0.002 -19"><span class='ocrx_word' id='word_1_13' title='bbox 104 453 146 496; x_wconf 89' lang='grc' dir='ltr'><strong><em>τε-</em></strong></span> <span class='ocrx_word' id='word_1_14' title='bbox 165 429 222 495; x_wconf 83' lang='grc' dir='ltr'><strong><em>καὶ</em></strong></span> <span class='ocrx_word' id='word_1_15' title='bbox 239 425 279 494; x_wconf 89' lang='grc' dir='ltr'><strong><em>τά</em></strong></span> <span class='ocrx_word' id='word_1_16' title='bbox 298 423 455 514; x_wconf 86' lang='grc' dir='ltr'><strong><em>ύμέτερα,</em></strong></span> <span class='ocrx_word' id='word_1_17' title='bbox 480 423 649 512; x_wconf 81' lang='grc' dir='ltr'><strong><em>ἡγεμόνας</em></strong></span> <span class='ocrx_word' id='word_1_18' title='bbox 667 425 867 512; x_wconf 78' lang='grc' dir='ltr'><strong><em>κατέστησεν</em></strong></span> <span class='ocrx_word' id='word_1_19' title='bbox 885 428 920 494; x_wconf 88' lang='grc' dir='ltr'><strong><em>έκ</em></strong></span> <span class='ocrx_word' id='word_1_20' title='bbox 938 422 1073 494; x_wconf 89' lang='grc' dir='ltr'><strong><em>δούλων</em></strong></span> 
     </span>
     <span class='ocr_line' id='line_1_4' title="bbox 106 525 1072 616; baseline -0.002 -20"><span class='ocrx_word' id='word_1_21' title='bbox 106 529 162 596; x_wconf 84' lang='grc' dir='ltr'><strong><em>καὶ</em></strong></span> <span class='ocrx_word' id='word_1_22' title='bbox 175 525 348 614; x_wconf 78' lang='grc' dir='ltr'><strong><em>ὑπηκόων,</em></strong></span> <span class='ocrx_word' id='word_1_23' title='bbox 362 528 420 594; x_wconf 81' lang='grc' dir='ltr'><strong><em>καί</em></strong></span> <span class='ocrx_word' id='word_1_24' title='bbox 433 531 490 612; x_wconf 79' lang='grc' dir='ltr'><strong><em>τῆς</em></strong></span> <span class='ocrx_word' id='word_1_25' title='bbox 502 525 637 616; x_wconf 80' lang='grc' dir='ltr'><strong><em>Θράκης</em></strong></span> <span class='ocrx_word' id='word_1_26' title='bbox 650 526 691 594; x_wconf 88' lang='grc' dir='ltr'><strong><em>τά</em></strong></span> <span class='ocrx_word' id='word_1_27' title='bbox 699 526 806 594; x_wconf 84' lang='grc' dir='ltr'><strong><em>πολλά</em></strong></span> <span class='ocrx_word' id='word_1_28' title='bbox 820 529 863 614; x_wconf 77' lang='grc' dir='ltr'><strong><em>τῇ</em></strong></span> <span class='ocrx_word' id='word_1_29' title='bbox 874 531 1072 616; x_wconf 76' lang='grc' dir='ltr'><strong><em>Μακεδονίᾳ</em></strong></span> 
     </span>
     <span class='ocr_line' id='line_1_5' title="bbox 107 625 1073 720; baseline -0.002 -24"><span class='ocrx_word' id='word_1_30' title='bbox 107 629 307 720; x_wconf 70' lang='grc' dir='ltr'><strong><em>προσέθηκε,</em></strong></span> <span class='ocrx_word' id='word_1_31' title='bbox 333 627 390 695; x_wconf 82' lang='grc' dir='ltr'><strong><em>καὶ</em></strong></span> <span class='ocrx_word' id='word_1_32' title='bbox 416 629 485 695; x_wconf 78' lang='grc' dir='ltr'><strong><em>τῶν</em></strong></span> <span class='ocrx_word' id='word_1_33' title='bbox 513 627 568 694; x_wconf 81' lang='grc' dir='ltr'><strong><em>ἐπὶ</em></strong></span> <span class='ocrx_word' id='word_1_34' title='bbox 594 627 747 716; x_wconf 80' lang='grc' dir='ltr'><strong><em>θαλάττῃ</em></strong></span> <span class='ocrx_word' id='word_1_35' title='bbox 773 635 907 714; x_wconf 78' lang='grc' dir='ltr'><strong><em>χωρίων</em></strong></span> <span class='ocrx_word' id='word_1_36' title='bbox 931 625 973 694; x_wconf 84' lang='grc' dir='ltr'><strong><em>τά</em></strong></span> <span class='ocrx_word' id='word_1_37' title='bbox 999 629 1073 696; x_wconf 86' lang='grc' dir='ltr'><strong><em>έπι-</em></strong></span> 
     </span>
     <span class='ocr_line' id='line_1_6' title="bbox 76 725 1073 817; baseline -0.001 -20"><span class='ocrx_word' id='word_1_38' title='bbox 76 727 286 817; x_wconf 77' lang='grc' dir='ltr'><strong><em>εκαιρότατα</em></strong></span> <span class='ocrx_word' id='word_1_39' title='bbox 317 725 585 815; x_wconf 80' lang='grc' dir='ltr'><strong><em>καταλαβόμενος</em></strong></span> <span class='ocrx_word' id='word_1_40' title='bbox 618 726 679 814; x_wconf 78' lang='grc' dir='ltr'><strong><em>τὴν</em></strong></span> <span class='ocrx_word' id='word_1_41' title='bbox 711 728 875 815; x_wconf 76' lang='grc' dir='ltr'><strong><em>ἐμπορίαν</em></strong></span> <span class='ocrx_word' id='word_1_42' title='bbox 905 732 949 814; x_wconf 77' lang='grc' dir='ltr'><strong><em>τῇ</em></strong></span> <span class='ocrx_word' id='word_1_43' title='bbox 981 727 1073 817; x_wconf 76' lang='grc' dir='ltr'><strong><em>χώρᾳ</em></strong></span> 
     </span>
     <span class='ocr_line' id='line_1_7' title="bbox 107 822 1073 916; baseline -0.002 -18"><span class='ocrx_word' id='word_1_44' title='bbox 107 828 302 916; x_wconf 87' lang='grc' dir='ltr'><strong><em>ἀνεπέτασε,</em></strong></span> <span class='ocrx_word' id='word_1_45' title='bbox 320 829 377 897; x_wconf 83' lang='grc' dir='ltr'><strong><em>καί</em></strong></span> <span class='ocrx_word' id='word_1_46' title='bbox 394 830 464 896; x_wconf 80' lang='grc' dir='ltr'><strong><em>τάν</em></strong></span> <span class='ocrx_word' id='word_1_47' title='bbox 481 827 655 914; x_wconf 89' lang='grc' dir='ltr'><strong><em>μετάλλων</em></strong></span> <span class='ocrx_word' id='word_1_48' title='bbox 671 827 733 914; x_wconf 83' lang='grc' dir='ltr'><strong><em>την</em></strong></span> <span class='ocrx_word' id='word_1_49' title='bbox 752 831 913 914; x_wconf 79' lang='grc' dir='ltr'><strong><em>ἐργασίαν</em></strong></span> <span class='ocrx_word' id='word_1_50' title='bbox 930 822 1073 916; x_wconf 83' lang='grc' dir='ltr'><strong><em>ἀνενδεῆ</em></strong></span> 
     </span>
     <span class='ocr_line' id='line_1_8' title="bbox 106 925 1134 1025; baseline -0.002 -27"><span class='ocrx_word' id='word_1_51' title='bbox 106 931 266 1018; x_wconf 81' lang='grc' dir='ltr'><strong><em>παρέσχε·</em></strong></span> <span class='ocrx_word' id='word_1_52' title='bbox 296 930 478 998; x_wconf 79' lang='grc' dir='ltr'><strong><em>Θεσσαλῶν</em></strong></span> <span class='ocrx_word' id='word_1_53' title='bbox 495 928 534 997; x_wconf 77' lang='grc' dir='ltr'><strong><em>δέ</em></strong></span> <span class='ocrx_word' id='word_1_54' title='bbox 548 928 725 1019; x_wconf 80' lang='grc' dir='ltr'><strong><em>ἄρχοντας,</em></strong></span> <span class='ocrx_word' id='word_1_55' title='bbox 743 925 803 1008; x_wconf 81' lang='grc' dir='ltr'><strong><em>οδς</em></strong></span> <span class='ocrx_word' id='word_1_56' title='bbox 817 927 919 997; x_wconf 90' lang='grc' dir='ltr'><strong><em>πάλαι</em></strong></span> <span class='ocrx_word' id='word_1_57' title='bbox 933 927 1072 1016; x_wconf 79' lang='grc' dir='ltr'><strong><em>ἐτεθνή-</em></strong></span> <span class='ocrx_word' id='word_1_58' title='bbox 1090 946 1107 994; x_wconf 82' lang='lat'>4</span> <span class='ocrx_word' id='word_1_59' title='bbox 1130 1017 1134 1025; x_wconf 22' lang='lat'>⁸</span> 
     </span>
     <span class='ocr_line' id='line_1_9' title="bbox 107 1027 1074 1122; baseline -0.001 -24"><span class='ocrx_word' id='word_1_60' title='bbox 107 1054 193 1109; x_wconf 78' lang='grc' dir='ltr'><strong><em>κειτε</em></strong></span> <span class='ocrx_word' id='word_1_61' title='bbox 209 1035 257 1122; x_wconf 79' lang='grc' dir='ltr'><strong><em>τῷ</em></strong></span> <span class='ocrx_word' id='word_1_62' title='bbox 275 1029 353 1117; x_wconf 88' lang='grc' dir='ltr'><strong><em>δέει,</em></strong></span> <span class='ocrx_word' id='word_1_63' title='bbox 372 1027 535 1117; x_wconf 81' lang='grc' dir='ltr'><strong><em>ἀπέφηνε,</em></strong></span> <span class='ocrx_word' id='word_1_64' title='bbox 553 1030 610 1097; x_wconf 83' lang='grc' dir='ltr'><strong><em>καὶ</em></strong></span> <span class='ocrx_word' id='word_1_65' title='bbox 627 1029 663 1098; x_wconf 86' lang='grc' dir='ltr'><strong><em>τό</em></strong></span> <span class='ocrx_word' id='word_1_66' title='bbox 680 1029 827 1100; x_wconf 85' lang='grc' dir='ltr'><strong><em>Φωκέων</em></strong></span> <span class='ocrx_word' id='word_1_67' title='bbox 846 1033 946 1109; x_wconf 67' lang='grc' dir='ltr'><strong><em>ἔθνος</em></strong></span> <span class='ocrx_word' id='word_1_68' title='bbox 958 1053 1074 1098; x_wconf 86' lang='grc' dir='ltr'><strong><em>ταπει-</em></strong></span> 
     </span>
     <span class='ocr_line' id='line_1_10' title="bbox 106 1127 1074 1254; baseline 0 -55"><span class='ocrx_word' id='word_1_69' title='bbox 106 1129 218 1210; x_wconf 81' lang='grc' dir='ltr'><strong><em>νάσας</em></strong></span> <span class='ocrx_word' id='word_1_70' title='bbox 244 1128 306 1217; x_wconf 78' lang='grc' dir='ltr'><strong><em>τὴν</em></strong></span> <span class='ocrx_word' id='word_1_71' title='bbox 339 1133 373 1210; x_wconf 87' lang='grc' dir='ltr'><strong><em>ές</em></strong></span> <span class='ocrx_word' id='word_1_72' title='bbox 399 1131 462 1217; x_wconf 82' lang='grc' dir='ltr'><strong><em>τὴν</em></strong></span> <span class='ocrx_word' id='word_1_73' title='bbox 484 1127 625 1200; x_wconf 85' lang='grc' dir='ltr'><strong><em>Ἑλλάδα</em></strong></span> <span class='ocrx_word' id='word_1_74' title='bbox 651 1129 819 1254; x_wconf 88' lang='grc' dir='ltr'><strong><em>πάροδον</em></strong></span> <span class='ocrx_word' id='word_1_75' title='bbox 828 1139 991 1200; x_wconf 82' lang='grc' dir='ltr'><strong><em>πλατεῖαν</em></strong></span> <span class='ocrx_word' id='word_1_76' title='bbox 1016 1131 1074 1199; x_wconf 86' lang='grc' dir='ltr'><strong><em>καὶ</em></strong></span> 
     </span>
     <span class='ocr_line' id='line_1_11' title="bbox 65 1225 1073 1319; baseline 0 -19"><span class='ocrx_word' id='word_1_77' title='bbox 65 1261 93 1300; x_wconf 83' lang='grc' dir='ltr'><strong><em>ιο</em></strong></span> <span class='ocrx_word' id='word_1_78' title='bbox 107 1229 256 1319; x_wconf 79' lang='grc' dir='ltr'><strong><em>εὔπορον</em></strong></span> <span class='ocrx_word' id='word_1_79' title='bbox 282 1227 360 1300; x_wconf 81' lang='grc' dir='ltr'><strong><em>ἀντὶ</em></strong></span> <span class='ocrx_word' id='word_1_80' title='bbox 386 1235 505 1318; x_wconf 79' lang='grc' dir='ltr'><strong><em>στενῆς</em></strong></span> <span class='ocrx_word' id='word_1_81' title='bbox 522 1257 557 1299; x_wconf 87' lang='grc' dir='ltr'><strong><em>τε</em></strong></span> <span class='ocrx_word' id='word_1_82' title='bbox 574 1232 630 1299; x_wconf 86' lang='grc' dir='ltr'><strong><em>καὶ</em></strong></span> <span class='ocrx_word' id='word_1_83' title='bbox 649 1228 780 1317; x_wconf 89' lang='grc' dir='ltr'><strong><em>ἀπόρου</em></strong></span> <span class='ocrx_word' id='word_1_84' title='bbox 798 1225 883 1318; x_wconf 90' lang='grc' dir='ltr'><strong><em>ύμῖν</em></strong></span> <span class='ocrx_word' id='word_1_85' title='bbox 901 1233 979 1300; x_wconf 85' lang='grc' dir='ltr'><strong><em>έποί</em></strong></span> <span class='ocrx_word' id='word_1_86' title='bbox 964 1237 1073 1318; x_wconf 87' lang='grc' dir='ltr'><strong><em>ίησεν·</em></strong></span> 
     </span>
     <span class='ocr_line' id='line_1_12' title="bbox 112 1329 1073 1430; baseline 0 -30"><span class='ocrx_word' id='word_1_87' title='bbox 112 1331 315 1418; x_wconf 76' lang='grc' dir='ltr'><strong><em>Ἀδηνπίους</em></strong></span> <span class='ocrx_word' id='word_1_88' title='bbox 339 1358 376 1401; x_wconf 89' lang='grc' dir='ltr'><strong><em>τε</em></strong></span> <span class='ocrx_word' id='word_1_89' title='bbox 400 1332 459 1402; x_wconf 82' lang='grc' dir='ltr'><strong><em>καὶ</em></strong></span> <span class='ocrx_word' id='word_1_90' title='bbox 478 1337 660 1418; x_wconf 79' lang='grc' dir='ltr'><strong><em>Θηβαίους,</em></strong></span> <span class='ocrx_word' id='word_1_91' title='bbox 688 1329 978 1430; x_wconf 79' lang='grc' dir='ltr'><strong><em>έρεδρεύοντας’</em></strong></span> <span class='ocrx_word' id='word_1_92' title='bbox 960 1334 1013 1400; x_wconf 79' lang='grc' dir='ltr'><strong><em>αεὶ</em></strong></span> <span class='ocrx_word' id='word_1_93' title='bbox 1031 1333 1073 1419; x_wconf 81' lang='grc' dir='ltr'><strong><em>τῇ</em></strong></span> 
     </span>
     <span class='ocr_line' id='line_1_13' title="bbox 109 1429 1125 1560; baseline -0.002 -57"><span class='ocrx_word' id='word_1_94' title='bbox 109 1437 339 1560; x_wconf 77' lang='grc' dir='ltr'><strong><em>Μακεδονία,</em></strong></span> <span class='ocrx_word' id='word_1_95' title='bbox 349 1433 383 1513; x_wconf 82' lang='grc' dir='ltr'><strong><em>ές</em></strong></span> <span class='ocrx_word' id='word_1_96' title='bbox 409 1431 549 1501; x_wconf 89' lang='grc' dir='ltr'><strong><em>τοσόνδε</em></strong></span> <span class='ocrx_word' id='word_1_97' title='bbox 567 1434 802 1521; x_wconf 83' lang='grc' dir='ltr'><strong><em>ἐταπείνωσεν,</em></strong></span> <span class='ocrx_word' id='word_1_98' title='bbox 827 1429 892 1519; x_wconf 87' lang='grc' dir='ltr'><strong><em>ηδη</em></strong></span> <span class='ocrx_word' id='word_1_99' title='bbox 913 1431 1075 1519; x_wconf 79' lang='grc' dir='ltr'><strong><em>ταῦτάγε</em></strong></span> <span class='ocrx_word' id='word_1_100' title='bbox 1120 1505 1125 1516; x_wconf 63' lang='grc'><strong><em>,</em></strong></span> 
     </span>
     <span class='ocr_line' id='line_1_14' title="bbox 106 1530 1074 1621; baseline 0.002 -21"><span class='ocrx_word' id='word_1_101' title='bbox 106 1533 165 1602; x_wconf 83' lang='grc' dir='ltr'><strong><em>καὶ</em></strong></span> <span class='ocrx_word' id='word_1_102' title='bbox 180 1561 279 1621; x_wconf 93' lang='grc' dir='ltr'><strong><em>ημων</em></strong></span> <span class='ocrx_word' id='word_1_103' title='bbox 296 1530 389 1602; x_wconf 90' lang='grc' dir='ltr'><strong><em>αύτω</em></strong></span> <span class='ocrx_word' id='word_1_104' title='bbox 370 1531 734 1620; x_wconf 71' lang='grc' dir='ltr'><strong><em>’ξυμπονούντων,’</em></strong></span> <span class='ocrx_word' id='word_1_105' title='bbox 710 1559 754 1613; x_wconf 92' lang='grc' dir='ltr'><strong><em>ως</em></strong></span> <span class='ocrx_word' id='word_1_106' title='bbox 773 1531 850 1602; x_wconf 78' lang='grc' dir='ltr'><strong><em>ἀντὶ</em></strong></span> <span class='ocrx_word' id='word_1_107' title='bbox 866 1538 928 1602; x_wconf 84' lang='grc' dir='ltr'><strong><em>τού</em></strong></span> <span class='ocrx_word' id='word_1_108' title='bbox 945 1532 1074 1621; x_wconf 83' lang='grc' dir='ltr'><strong><em>φόρους</em></strong></span> 
     </span>
     <span class='ocr_line' id='line_1_15' title="bbox 108 1629 1075 1722; baseline 0.002 -22"><span class='ocrx_word' id='word_1_109' title='bbox 108 1641 218 1703; x_wconf 84' lang='grc' dir='ltr'><strong><em>τελεῖν</em></strong></span> <span class='ocrx_word' id='word_1_110' title='bbox 228 1631 370 1722; x_wconf 76' lang='grc' dir='ltr'><strong><em>Ἀδηναί</em></strong></span> <span class='ocrx_word' id='word_1_111' title='bbox 369 1660 417 1713; x_wconf 87' lang='grc' dir='ltr'><strong><em>οις</em></strong></span> <span class='ocrx_word' id='word_1_112' title='bbox 430 1634 488 1702; x_wconf 84' lang='grc' dir='ltr'><strong><em>καὶ</em></strong></span> <span class='ocrx_word' id='word_1_113' title='bbox 500 1630 686 1703; x_wconf 77' lang='grc' dir='ltr'><strong><em>ὑπακούειν</em></strong></span> <span class='ocrx_word' id='word_1_114' title='bbox 696 1638 867 1721; x_wconf 77' lang='grc' dir='ltr'><strong><em>Θηβαίων,</em></strong></span> <span class='ocrx_word' id='word_1_115' title='bbox 881 1629 962 1721; x_wconf 87' lang='grc' dir='ltr'><strong><em>παρ’</em></strong></span> <span class='ocrx_word' id='word_1_116' title='bbox 977 1632 1075 1722; x_wconf 79' lang='grc' dir='ltr'><strong><em>ἡμων</em></strong></span> 
     </span>
     <span class='ocr_line' id='line_1_16' title="bbox 68 1733 1073 1862; baseline -0.001 -58"><span class='ocrx_word' id='word_1_117' title='bbox 68 1765 95 1804; x_wconf 81' lang='lat'><strong><em>15</em></strong></span> <span class='ocrx_word' id='word_1_118' title='bbox 111 1737 148 1803; x_wconf 82' lang='grc' dir='ltr'><strong><em>έν</em></strong></span> <span class='ocrx_word' id='word_1_119' title='bbox 160 1739 208 1826; x_wconf 75' lang='grc' dir='ltr'><strong><em>τῷ</em></strong></span> <span class='ocrx_word' id='word_1_120' title='bbox 225 1735 318 1824; x_wconf 87' lang='grc' dir='ltr'><strong><em>μέρει</em></strong></span> <span class='ocrx_word' id='word_1_121' title='bbox 327 1737 477 1814; x_wconf 75' lang='grc' dir='ltr'><strong><em>ἐκείνους</em></strong></span> <span class='ocrx_word' id='word_1_122' title='bbox 487 1733 549 1821; x_wconf 78' lang='grc' dir='ltr'><strong><em>τὴν</em></strong></span> <span class='ocrx_word' id='word_1_123' title='bbox 563 1733 750 1821; x_wconf 83' lang='grc' dir='ltr'><strong><em>ἀσφάλειάν</em></strong></span> <span class='ocrx_word' id='word_1_124' title='bbox 764 1755 856 1822; x_wconf 89' lang='grc' dir='ltr'><strong><em>σφισι</em></strong></span> <span class='ocrx_word' id='word_1_125' title='bbox 867 1741 1073 1862; x_wconf 77' lang='grc' dir='ltr'><strong><em>πορίζεσθαι.</em></strong></span> 
     </span>
     <span class='ocr_line' id='line_1_17' title="bbox 111 1827 1110 1923; baseline 0 -19"><span class='ocrx_word' id='word_1_126' title='bbox 111 1836 144 1916; x_wconf 86' lang='grc' dir='ltr'><strong><em>ές</em></strong></span> <span class='ocrx_word' id='word_1_127' title='bbox 158 1834 419 1923; x_wconf 90' lang='grc' dir='ltr'><strong><em>Πελοπόννησον</em></strong></span> <span class='ocrx_word' id='word_1_128' title='bbox 436 1835 476 1904; x_wconf 89' lang='grc' dir='ltr'><strong><em>δε</em></strong></span> <span class='ocrx_word' id='word_1_129' title='bbox 493 1833 676 1923; x_wconf 78' lang='grc' dir='ltr'><strong><em>παρελδων</em></strong></span> <span class='ocrx_word' id='word_1_130' title='bbox 692 1863 732 1902; x_wconf 90' lang='grc' dir='ltr'><strong><em>τα</em></strong></span> <span class='ocrx_word' id='word_1_131' title='bbox 722 1827 881 1904; x_wconf 60' lang='lat' dir='ltr'><strong><em>&#39;‘iuet</em></strong></span> <span class='ocrx_word' id='word_1_132' title='bbox 837 1863 880 1903; x_wconf 92' lang='grc' dir='ltr'><strong><em>αυ</em></strong></span> <span class='ocrx_word' id='word_1_133' title='bbox 898 1835 1073 1923; x_wconf 79' lang='grc' dir='ltr'><strong><em>ἐκόσμησε·</em></strong></span> <span class='ocrx_word' id='word_1_134' title='bbox 1093 1843 1110 1892; x_wconf 82' lang='grc'>5</span> 
     </span>
     <span class='ocr_line' id='line_1_18' title="bbox 109 1933 1075 2024; baseline 0.001 -21"><span class='ocrx_word' id='word_1_135' title='bbox 109 1935 213 2004; x_wconf 65' lang='grc' dir='ltr'><strong><em>καῖ’</em></strong></span> <span class='ocrx_word' id='word_1_136' title='bbox 193 1963 341 2024; x_wconf 91' lang='grc' dir='ltr'><strong><em>ηγεμων·</em></strong></span> <span class='ocrx_word' id='word_1_137' title='bbox 355 1934 571 2024; x_wconf 81' lang='grc' dir='ltr'><strong><em>αὐτοκράτωρ</em></strong></span> <span class='ocrx_word' id='word_1_138' title='bbox 598 1933 777 2023; x_wconf 79' lang='grc' dir='ltr'><strong><em>συμπάσης</em></strong></span> <span class='ocrx_word' id='word_1_139' title='bbox 803 1941 861 2022; x_wconf 84' lang='grc' dir='ltr'><strong><em>τῆς</em></strong></span> <span class='ocrx_word' id='word_1_140' title='bbox 884 1933 986 2022; x_wconf 82' lang='grc' dir='ltr'><strong><em>ἀλλης</em></strong></span> <span class='ocrx_word' id='word_1_141' title='bbox 1000 1936 1075 2006; x_wconf 83' lang='grc' dir='ltr'><strong><em>Ἑλ-</em></strong></span> 
     </span>
     <span class='ocr_line' id='line_1_19' title="bbox 110 2026 1076 2160; baseline -0.001 -55"><span class='ocrx_word' id='word_1_142' title='bbox 110 2036 212 2116; x_wconf 87' lang='grc' dir='ltr'><strong><em>λάδος</em></strong></span> <span class='ocrx_word' id='word_1_143' title='bbox 229 2035 443 2125; x_wconf 74' lang='grc' dir='ltr'><strong><em>ἀποδειχθεὶς</em></strong></span> <span class='ocrx_word' id='word_1_144' title='bbox 460 2063 519 2160; x_wconf 82' lang='grc' dir='ltr'><strong><em>της</em></strong></span> <span class='ocrx_word' id='word_1_145' title='bbox 538 2037 646 2104; x_wconf 79' lang='grc' dir='ltr'><strong><em>ἐπι</em></strong></span> <span class='ocrx_word' id='word_1_146' title='bbox 611 2063 671 2104; x_wconf 90' lang='grc' dir='ltr'><strong><em>τον</em></strong></span> <span class='ocrx_word' id='word_1_147' title='bbox 687 2037 824 2158; x_wconf 83' lang='grc' dir='ltr'><strong><em>Πέρσην</em></strong></span> <span class='ocrx_word' id='word_1_148' title='bbox 842 2026 996 2123; x_wconf 82' lang='grc' dir='ltr'><strong><em>στρατιάς</em></strong></span> <span class='ocrx_word' id='word_1_149' title='bbox 1014 2035 1076 2122; x_wconf 80' lang='grc' dir='ltr'><strong><em>οὐχ</em></strong></span> 
     </span>
     <span class='ocr_line' id='line_1_20' title="bbox 113 2133 1166 2229; baseline 0.002 -25"><span class='ocrx_word' id='word_1_150' title='bbox 113 2138 220 2205; x_wconf 80' lang='grc' dir='ltr'><strong><em>ἑαυτά</em></strong></span> <span class='ocrx_word' id='word_1_151' title='bbox 247 2137 379 2225; x_wconf 79' lang='grc' dir='ltr'><strong><em>μᾶλλόν</em></strong></span> <span class='ocrx_word' id='word_1_152' title='bbox 396 2165 427 2205; x_wconf 91' lang='grc' dir='ltr'><strong><em>τι</em></strong></span> <span class='ocrx_word' id='word_1_153' title='bbox 452 2164 514 2224; x_wconf 92' lang='grc' dir='ltr'><strong><em>την</em></strong></span> <span class='ocrx_word' id='word_1_154' title='bbox 532 2136 636 2218; x_wconf 89' lang='grc' dir='ltr'><strong><em>δόξαν</em></strong></span> <span class='ocrx_word' id='word_1_155' title='bbox 661 2133 801 2222; x_wconf 79' lang='grc' dir='ltr'><strong><em>τήνδε”</em></strong></span> <span class='ocrx_word' id='word_1_156' title='bbox 780 2164 802 2223; x_wconf 97' lang='grc' dir='ltr'><strong><em>η</em></strong></span> <span class='ocrx_word' id='word_1_157' title='bbox 820 2162 867 2204; x_wconf 92' lang='grc' dir='ltr'><strong><em>τω</em></strong></span> <span class='ocrx_word' id='word_1_158' title='bbox 886 2161 988 2229; x_wconf 91' lang='grc' dir='ltr'><strong><em>κοινω</em></strong></span> <span class='ocrx_word' id='word_1_159' title='bbox 1007 2142 1078 2206; x_wconf 79' lang='grc' dir='ltr'><strong><em>τῶν</em></strong></span> <span class='ocrx_word' id='word_1_160' title='bbox 1163 2160 1166 2164; x_wconf 89' lang='grc'><strong><em>·</em></strong></span> 
     </span>
     <span class='ocr_line' id='line_1_21' title="bbox 67 2237 552 2326; baseline 0.008 -22"><span class='ocrx_word' id='word_1_161' title='bbox 67 2266 97 2305; x_wconf 74' lang='grc' dir='ltr'><strong><em>το</em></strong></span> <span class='ocrx_word' id='word_1_162' title='bbox 112 2237 325 2308; x_wconf 90' lang='grc' dir='ltr'><strong><em>Μακεδόνων</em></strong></span> <span class='ocrx_word' id='word_1_163' title='bbox 351 2239 552 2326; x_wconf 81' lang='grc' dir='ltr'><strong><em>προσέθηκε.</em></strong></span> 
     </span>
    </p>

    <p class='ocr_par' dir='ltr' id='par_1_3' title="bbox 110 2335 1110 2731">
     <span class='ocr_line' id='line_1_22' title="bbox 191 2335 1110 2462; baseline -0.008 -53"><span class='ocrx_word' id='word_1_164' title='bbox 191 2345 305 2409; x_wconf 81' lang='grc' dir='ltr'><strong><em>Ταῦτα</em></strong></span> <span class='ocrx_word' id='word_1_165' title='bbox 329 2339 394 2462; x_wconf 71' lang='grc' dir='ltr'><strong><em>μὲν</em></strong></span> <span class='ocrx_word' id='word_1_166' title='bbox 410 2338 508 2408; x_wconf 71' lang='grc' dir='ltr'><strong><em>τάέκ</em></strong></span> <span class='ocrx_word' id='word_1_167' title='bbox 525 2343 587 2407; x_wconf 84' lang='grc' dir='ltr'><strong><em>τού</em></strong></span> <span class='ocrx_word' id='word_1_168' title='bbox 606 2335 731 2426; x_wconf 83' lang='grc' dir='ltr'><strong><em>πατρὸς</em></strong></span> <span class='ocrx_word' id='word_1_169' title='bbox 748 2340 811 2406; x_wconf 81' lang='grc' dir='ltr'><strong><em>τοῦ</em></strong></span> <span class='ocrx_word' id='word_1_170' title='bbox 824 2341 915 2458; x_wconf 39' lang='grc' dir='ltr'><strong><em>,ἐμοῦ</em></strong></span> <span class='ocrx_word' id='word_1_171' title='bbox 935 2340 969 2420; x_wconf 86' lang='grc' dir='ltr'><strong><em>ές</em></strong></span> <span class='ocrx_word' id='word_1_172' title='bbox 985 2337 1077 2426; x_wconf 84' lang='grc' dir='ltr'><strong><em>ύμάς</em></strong></span> <span class='ocrx_word' id='word_1_173' title='bbox 1094 2355 1110 2402; x_wconf 85' lang='grc'><strong>6</strong></span> 
     </span>
     <span class='ocr_line' id='line_1_23' title="bbox 110 2431 1078 2562; baseline 0 -53"><span class='ocrx_word' id='word_1_174' title='bbox 110 2431 383 2559; x_wconf 67' lang='grc' dir='ltr'><strong><em>ύπηργμένα,”</em></strong></span> <span class='ocrx_word' id='word_1_175' title='bbox 359 2466 406 2562; x_wconf 80' lang='grc' dir='ltr'><strong><em>ρις</em></strong></span> <span class='ocrx_word' id='word_1_176' title='bbox 438 2467 501 2526; x_wconf 92' lang='grc' dir='ltr'><strong><em>μεν</em></strong></span> <span class='ocrx_word' id='word_1_177' title='bbox 526 2437 614 2509; x_wconf 87' lang='grc' dir='ltr'><strong><em>αύτά</em></strong></span> <span class='ocrx_word' id='word_1_178' title='bbox 642 2437 696 2527; x_wconf 78' lang='grc' dir='ltr'><strong><em>ἐφ’</em></strong></span> <span class='ocrx_word' id='word_1_179' title='bbox 729 2440 860 2508; x_wconf 79' lang='grc' dir='ltr'><strong><em>ἑαυτῶν</em></strong></span> <span class='ocrx_word' id='word_1_180' title='bbox 887 2439 1078 2522; x_wconf 77' lang='grc' dir='ltr'><strong><em>σκέψασθαι</em></strong></span> 
     </span>
     <span class='ocr_line' id='line_1_24' title="bbox 111 2537 1077 2662; baseline 0.002 -54"><span class='ocrx_word' id='word_1_181' title='bbox 111 2537 252 2627; x_wconf 88' lang='grc' dir='ltr'><strong><em>μεγάλα,</em></strong></span> <span class='ocrx_word' id='word_1_182' title='bbox 277 2538 377 2662; x_wconf 80' lang='grc' dir='ltr'><strong><em>μικροὶ</em></strong></span> <span class='ocrx_word' id='word_1_183' title='bbox 403 2538 495 2608; x_wconf 75' lang='grc' dir='ltr'><strong><em>δέ“</em></strong></span> <span class='ocrx_word' id='word_1_184' title='bbox 469 2567 514 2619; x_wconf 92' lang='grc' dir='ltr'><strong><em>ως</em></strong></span> <span class='ocrx_word' id='word_1_185' title='bbox 539 2567 578 2626; x_wconf 93' lang='grc' dir='ltr'><strong><em>γε</em></strong></span> <span class='ocrx_word' id='word_1_186' title='bbox 602 2540 644 2662; x_wconf 82' lang='grc' dir='ltr'><strong><em>δη</em></strong></span> <span class='ocrx_word' id='word_1_187' title='bbox 663 2539 747 2628; x_wconf 83' lang='grc' dir='ltr'><strong><em>πρὸς</em></strong></span> <span class='ocrx_word' id='word_1_188' title='bbox 764 2539 805 2608; x_wconf 89' lang='grc' dir='ltr'><strong><em>τά</em></strong></span> <span class='ocrx_word' id='word_1_189' title='bbox 823 2539 965 2661; x_wconf 85' lang='grc' dir='ltr'><strong><em>ημέτερα</em></strong></span> <span class='ocrx_word' id='word_1_190' title='bbox 992 2543 1077 2629; x_wconf 82' lang='grc' dir='ltr'><strong><em>ξυμ-</em></strong></span> 
     </span>
     <span class='ocr_line' id='line_1_25' title="bbox 112 2631 1078 2731; baseline 0.003 -24"><span class='ocrx_word' id='word_1_191' title='bbox 112 2631 244 2726; x_wconf 81' lang='grc' dir='ltr'><strong><em>βαλεῖν</em></strong></span> <span class='ocrx_word' id='word_1_192' title='bbox 276 2637 315 2720; x_wconf 81' lang='grc' dir='ltr'><strong><em>ὃς</em></strong></span> <span class='ocrx_word' id='word_1_193' title='bbox 332 2639 537 2727; x_wconf 76' lang='grc' dir='ltr'><strong><em>παραλαβών</em></strong></span> <span class='ocrx_word' id='word_1_194' title='bbox 555 2639 647 2727; x_wconf 90' lang='grc' dir='ltr'><strong><em>παρά</em></strong></span> <span class='ocrx_word' id='word_1_195' title='bbox 664 2645 727 2708; x_wconf 84' lang='grc' dir='ltr'><strong><em>τού</em></strong></span> <span class='ocrx_word' id='word_1_196' title='bbox 745 2639 870 2729; x_wconf 86' lang='grc' dir='ltr'><strong><em>πατρός</em></strong></span> <span class='ocrx_word' id='word_1_197' title='bbox 888 2647 997 2731; x_wconf 82' lang='grc' dir='ltr'><strong><em>χρυσᾶ</em></strong></span> <span class='ocrx_word' id='word_1_198' title='bbox 1015 2669 1078 2728; x_wconf 85' lang='grc' dir='ltr'><strong><em>μεν</em></strong></span> 
     </span>
    </p>

    <p class='ocr_par' dir='ltr' id='par_1_4' title="bbox 71 2736 1079 3232">
     <span class='ocr_line' id='line_1_26' title="bbox 71 2736 1078 2828; baseline 0.003 -21"><span class='ocrx_word' id='word_1_199' title='bbox 71 2766 100 2808; x_wconf 74' lang='grc' dir='ltr'><strong><em>τε</em></strong></span> <span class='ocrx_word' id='word_1_200' title='bbox 113 2737 215 2809; x_wconf 69' lang='grc' dir='ltr'><strong><em>καῖ’</em></strong></span> <span class='ocrx_word' id='word_1_201' title='bbox 196 2745 329 2828; x_wconf 85' lang='grc' dir='ltr'><strong><em>αργυρᾶ</em></strong></span> <span class='ocrx_word' id='word_1_202' title='bbox 356 2739 535 2826; x_wconf 73' lang='grc' dir='ltr'><strong><em>ἐκπώματα</em></strong></span> <span class='ocrx_word' id='word_1_203' title='bbox 561 2737 661 2825; x_wconf 78' lang='grc' dir='ltr'><strong><em>ὀλίγα</em></strong></span> <span class='ocrx_word' id='word_1_204' title='bbox 677 2738 826 2809; x_wconf 87' lang='grc' dir='ltr'><strong><em>τάλαντα</em></strong></span> <span class='ocrx_word' id='word_1_205' title='bbox 844 2740 883 2809; x_wconf 90' lang='grc' dir='ltr'><strong><em>δε</em></strong></span> <span class='ocrx_word' id='word_1_206' title='bbox 901 2736 983 2810; x_wconf 79' lang='lat'>0666</span> <span class='ocrx_word' id='word_1_207' title='bbox 1002 2739 1078 2828; x_wconf 86' lang='grc' dir='ltr'><strong><em>εξη-</em></strong></span> 
     </span>
     <span class='ocr_line' id='line_1_27' title="bbox 113 2837 1078 2929; baseline 0.001 -19"><span class='ocrx_word' id='word_1_208' title='bbox 113 2865 217 2910; x_wconf 87' lang='grc' dir='ltr'><strong><em>κοντα</em></strong></span> <span class='ocrx_word' id='word_1_209' title='bbox 235 2842 278 2909; x_wconf 84' lang='grc' dir='ltr'><strong><em>έν</em></strong></span> <span class='ocrx_word' id='word_1_210' title='bbox 288 2854 358 2921; x_wconf 88' lang='grc' dir='ltr'><strong><em>τοῖς</em></strong></span> <span class='ocrx_word' id='word_1_211' title='bbox 375 2849 577 2928; x_wconf 77' lang='grc' dir='ltr'><strong><em>θησαυροῖς,</em></strong></span> <span class='ocrx_word' id='word_1_212' title='bbox 603 2844 714 2927; x_wconf 79' lang='grc' dir='ltr'><strong><em>χρεῶν</em></strong></span> <span class='ocrx_word' id='word_1_213' title='bbox 732 2839 770 2908; x_wconf 77' lang='grc' dir='ltr'><strong><em>δὲ</em></strong></span> <span class='ocrx_word' id='word_1_214' title='bbox 788 2837 1031 2929; x_wconf 60' lang='grc' dir='ltr'><strong><em>ὀφειλόμενα*</em></strong></span> <span class='ocrx_word' id='word_1_215' title='bbox 1008 2841 1078 2911; x_wconf 87' lang='grc' dir='ltr'><strong><em>νπό</em></strong></span> 
     </span>
     <span class='ocr_line' id='line_1_28' title="bbox 114 2939 1079 3030; baseline -0.001 -18"><span class='ocrx_word' id='word_1_216' title='bbox 114 2947 286 3012; x_wconf 85' lang='grc' dir='ltr'><strong><em>Φιλίππου</em></strong></span> <span class='ocrx_word' id='word_1_217' title='bbox 311 2943 344 3022; x_wconf 87' lang='grc' dir='ltr'><strong><em>ές</em></strong></span> <span class='ocrx_word' id='word_1_218' title='bbox 363 2939 563 3010; x_wconf 85' lang='grc' dir='ltr'><strong><em>πεντακόσια</em></strong></span> <span class='ocrx_word' id='word_1_219' title='bbox 579 2940 737 3028; x_wconf 88' lang='grc' dir='ltr'><strong><em>τάλαντα,</em></strong></span> <span class='ocrx_word' id='word_1_220' title='bbox 766 2942 1005 3030; x_wconf 87' lang='grc' dir='ltr'><strong><em>δανεισάμενος</em></strong></span> <span class='ocrx_word' id='word_1_221' title='bbox 1024 2944 1079 3012; x_wconf 80' lang='grc' dir='ltr'><strong><em>ἐπὶ</em></strong></span> 
     </span>
     <span class='ocr_line' id='line_1_29' title="bbox 112 3039 1079 3132; baseline 0.001 -21"><span class='ocrx_word' id='word_1_222' title='bbox 112 3041 244 3122; x_wconf 80' lang='grc' dir='ltr'><strong><em>τούτοις</em></strong></span> <span class='ocrx_word' id='word_1_223' title='bbox 262 3040 364 3123; x_wconf 86' lang='grc' dir='ltr'><strong><em>αύτδς</em></strong></span> <span class='ocrx_word' id='word_1_224' title='bbox 382 3040 466 3111; x_wconf 84' lang='grc' dir='ltr'><strong><em>ἀλλα</em></strong></span> <span class='ocrx_word' id='word_1_225' title='bbox 483 3039 662 3111; x_wconf 88' lang='grc' dir='ltr'><strong><em>ὀκτακόσια</em></strong></span> <span class='ocrx_word' id='word_1_226' title='bbox 675 3039 835 3130; x_wconf 73' lang='grc' dir='ltr'><strong><em>ὁρμηθεὶς</em></strong></span> <span class='ocrx_word' id='word_1_227' title='bbox 850 3045 886 3112; x_wconf 87' lang='grc' dir='ltr'><strong><em>έκ</em></strong></span> <span class='ocrx_word' id='word_1_228' title='bbox 898 3045 956 3129; x_wconf 81' lang='grc' dir='ltr'><strong><em>τῆς</em></strong></span> <span class='ocrx_word' id='word_1_229' title='bbox 969 3043 1079 3132; x_wconf 76' lang='grc' dir='ltr'><strong><em>χαίροις</em></strong></span> 
     </span>
     <span class='ocr_line' id='line_1_30' title="bbox 113 3139 1079 3245; baseline 0.003 -33"><span class='ocrx_word' id='word_1_230' title='bbox 113 3148 173 3230; x_wconf 83' lang='grc' dir='ltr'><strong><em>τῆς</em></strong></span> <span class='ocrx_word' id='word_1_231' title='bbox 199 3169 238 3231; x_wconf 87' lang='grc' dir='ltr'><strong><em>γε</em></strong></span> <span class='ocrx_word' id='word_1_232' title='bbox 264 3139 347 3213; x_wconf 77' lang='lat'>0666</span> <span class='ocrx_word' id='word_1_233' title='bbox 372 3142 462 3231; x_wconf 83' lang='grc' dir='ltr'><strong><em>δμᾶς</em></strong></span> <span class='ocrx_word' id='word_1_234' title='bbox 488 3140 614 3223; x_wconf 84' lang='grc' dir='ltr'><strong><em>αύτούς</em></strong></span> <span class='ocrx_word' id='word_1_235' title='bbox 637 3142 825 3232; x_wconf 80' lang='grc' dir='ltr'><strong><em>βοσκούσης</em></strong></span> <span class='ocrx_word' id='word_1_236' title='bbox 843 3149 953 3224; x_wconf 78' lang='grc' dir='ltr'><strong><em>καλῶς</em></strong></span> <span class='ocrx_word' id='word_1_237' title='bbox 972 3144 1079 3245; x_wconf 79' lang='grc' dir='ltr'><strong><em>εύδύς</em></strong></span> 
     </span>
    </p>

    <p class='ocr_par' dir='ltr' id='par_1_5' title="bbox 72 3242 1113 3544">
     <span class='ocr_line' id='line_1_31' title="bbox 72 3242 1079 3334; baseline 0.001 -21"><span class='ocrx_word' id='word_1_238' title='bbox 72 3244 179 3333; x_wconf 71' lang='grc' dir='ltr'><strong><em>ωμὲν</em></strong></span> <span class='ocrx_word' id='word_1_239' title='bbox 209 3249 272 3314; x_wconf 87' lang='grc' dir='ltr'><strong><em>τού</em></strong></span> <span class='ocrx_word' id='word_1_240' title='bbox 297 3242 544 3333; x_wconf 81' lang='grc' dir='ltr'><strong><em>Ἑλλησπόντου</em></strong></span> <span class='ocrx_word' id='word_1_241' title='bbox 575 3243 660 3332; x_wconf 86' lang='grc' dir='ltr'><strong><em>ύμῖν</em></strong></span> <span class='ocrx_word' id='word_1_242' title='bbox 685 3243 747 3313; x_wconf 86' lang='grc' dir='ltr'><strong><em>τὸν</em></strong></span> <span class='ocrx_word' id='word_1_243' title='bbox 773 3244 880 3334; x_wconf 89' lang='grc' dir='ltr'><strong><em>πόρον</em></strong></span> <span class='ocrx_word' id='word_1_244' title='bbox 905 3254 1079 3316; x_wconf 79' lang='grc' dir='ltr'><strong><em>θαλασσο-</em></strong></span> 
     </span>
     <span class='ocr_line' id='line_1_32' title="bbox 114 3340 1113 3437; baseline -0.005 -23"><span class='ocrx_word' id='word_1_245' title='bbox 114 3346 330 3434; x_wconf 89' lang='grc' dir='ltr'><strong><em>κρατούντων</em></strong></span> <span class='ocrx_word' id='word_1_246' title='bbox 339 3348 376 3416; x_wconf 87' lang='grc' dir='ltr'><strong><em>έν</em></strong></span> <span class='ocrx_word' id='word_1_247' title='bbox 389 3371 435 3437; x_wconf 89' lang='grc' dir='ltr'><strong><em>τω</em></strong></span> <span class='ocrx_word' id='word_1_248' title='bbox 449 3345 523 3415; x_wconf 88' lang='grc' dir='ltr'><strong><em>τότε</em></strong></span> <span class='ocrx_word' id='word_1_249' title='bbox 532 3349 677 3435; x_wconf 88' lang='grc' dir='ltr'><strong><em>Περσων</em></strong></span> <span class='ocrx_word' id='word_1_250' title='bbox 690 3343 893 3416; x_wconf 88' lang='grc' dir='ltr'><strong><em>ἀνεπέτασα·</em></strong></span> <span class='ocrx_word' id='word_1_251' title='bbox 912 3346 1078 3433; x_wconf 83' lang='grc' dir='ltr'><strong><em>κρατήσας</em></strong></span> <span class='ocrx_word' id='word_1_252' title='bbox 1097 3340 1113 3409; x_wconf 79' lang='grc' dir='ltr'><strong><em>’τ</em></strong></span> 
     </span>
     <span class='ocr_line' id='line_1_33' title="bbox 117 3432 1080 3544; baseline 0.001 -29"><span class='ocrx_word' id='word_1_253' title='bbox 117 3445 211 3516; x_wconf 88' lang='grc' dir='ltr'><strong><em>δε</em></strong></span> <span class='ocrx_word' id='word_1_254' title='bbox 168 3474 209 3538; x_wconf 89' lang='grc' dir='ltr'><strong><em>τη</em></strong></span> <span class='ocrx_word' id='word_1_255' title='bbox 225 3453 319 3544; x_wconf 81' lang='grc' dir='ltr'><strong><em>ιππφ</em></strong></span> <span class='ocrx_word' id='word_1_256' title='bbox 331 3432 412 3529; x_wconf 82' lang='grc' dir='ltr'><strong><em>τούς</em></strong></span> <span class='ocrx_word' id='word_1_257' title='bbox 427 3445 668 3538; x_wconf 88' lang='grc' dir='ltr'><strong><em>σατράπαςτον</em></strong></span> <span class='ocrx_word' id='word_1_258' title='bbox 655 3445 878 3537; x_wconf 88' lang='grc' dir='ltr'><strong><em>Δαρείου</em></strong></span> <span class='ocrx_word' id='word_1_259' title='bbox 838 3474 899 3536; x_wconf 92' lang='grc' dir='ltr'><strong><em>την</em></strong></span> <span class='ocrx_word' id='word_1_260' title='bbox 907 3473 943 3517; x_wconf 88' lang='grc' dir='ltr'><strong><em>τε</em></strong></span> <span class='ocrx_word' id='word_1_261' title='bbox 948 3444 1080 3517; x_wconf 90' lang='grc' dir='ltr'><strong><em>Ἰωνίαν</em></strong></span> 
     </span>
    </p>
   </div>
   <div class='ocr_carea' id='block_1_3' title="bbox 0 0 1285 3920">
    <p class='ocr_par' dir='ltr' id='par_1_6' title="bbox 0 0 1285 3920">
     <span class='ocr_line' id='line_1_34' title="bbox 0 0 1285 3920; baseline 0 0"><span class='ocrx_word' id='word_1_262' title='bbox 0 0 1285 3920; x_wconf 95' lang='lat' dir='ltr'><strong><em> </em></strong></span> 
     </span>
    </p>
   </div>
  </div>
 </body>
</html>
