2632 3922
435 159 617 214 ΔΝΔΒΔΣΙΣ
634 160 664 226 δ,
682 162 723 216 12.
742 163 781 212 13.
1019 157 1081 222 261

114 315 162 406 μή
188 313 425 405 δταλαλπωρον
449 323 630 403 γίγνεσθαι
654 329 725 398 τοϊς
752 321 864 386 ἔπειτα
887 309 1082 404 άνθρύποις

115 416 180 505 τήν
201 416 290 507 ύπδρ
308 419 379 486 τῶν
396 417 604 506 τηλικούτων
621 422 731 508 ἔργων
748 419 854 488 τεκαὶ
873 415 1082 505 παθημάτων

117 515 296 606 ἀφάνισιν·
434 527 438 536 ’
872 571 883 594 ,

191 615 247 688 Ἐν
274 609 301 710 ᾦ
328 617 367 688 δλ
381 615 598 709 Ἀλέξανδρος
625 615 732 688 αύτού
758 618 872 707 μόνων
889 618 927 690 τδ
946 623 1080 708 τραύμα
1093 621 1133 684 12

88 717 355 809 εέθεραπεύετο,
384 721 417 800 ἐς
442 719 480 788 τδ
508 716 737 810 στρατόπεδον
757 726 921 810 ἔνθενπερ
941 715 1082 809 ὡρμήθη

118 823 175 891 ἐπὶ
192 821 274 902 τούς
301 818 467 900 Μαλλούς
493 819 512 890 ὁ
544 820 608 908 μὲν
639 822 773 910 πρῶτος
799 820 897 916 λόγος
923 813 1006 907 ήκεν
1033 817 1084 888 ὅτι

116 919 289 1008 τεθνηκός
317 931 369 1010 εἴη
388 923 424 990 ἐκ
441 923 502 991 τού
520 921 719 1012 τραύματος.
751 922 809 990 καὶ
826 920 866 992 τά
885 920 947 1008 μὲν
965 925 1083 1008 πράτα

118 1021 248 1110 οἰμωγή
280 1012 414 1109 ήντής
448 1026 603 1112 στρατιάς
629 1021 824 1110 ξυμπάσης,
857 1021 963 1091 άλλου
991 1019 1082 1113 άλλῳ

118 1122 362 1212 παραδιδόντος
388 1123 451 1210 τήν
477 1124 607 1211 φήμην·
646 1123 856 1211 παυσάμενοι
881 1121 920 1192 δὲ
945 1125 1004 1210 τῆς
1028 1129 1082 1190 οἰ-

76 1225 230 1312 ωμωγής
257 1223 390 1312 ἄθυμοί
412 1248 447 1292 τε
472 1225 530 1292 καὶ
562 1221 683 1313 άποροι
707 1215 796 1310 ήσαν
823 1221 913 1302 ὅστις
938 1221 1002 1311 μὲν
1029 1225 1083 1304 ἐξ·
1153 1291 1158 1307 ,

116 1324 305 1412 ηγούμενος
332 1329 423 1394 ἔσται
448 1329 508 1412 τής
534 1329 690 1412 στρατιάς
715 1322 867 1413 (πολλοῖς
894 1322 960 1412 γάρ
983 1321 1025 1409 δή
1044 1325 1116 1392 ἕνα
1242 1389 1244 1395 .

119 1436 181 1516 λ’σῳ
207 1423 248 1493 τά
275 1426 334 1512 τής
360 1420 527 1507 ἀξιώσεως
553 1423 662 1494 ἐδόκει
687 1425 772 1516 πρός
795 1451 830 1494 τε
857 1423 965 1494 αύτού
989 1423 1083 1494 Ἀλε-

118 1525 266 1615 ξάνδρου
284 1527 343 1594 καλ
361 1525 446 1616 πρὸς
464 1525 678 1596 Μακεδόνων
695 1517 965 1619 καθεστηκέναι),
992 1523 1084 1605 ὅπως

118 1626 157 1696 δὲ
183 1625 463 1714 ἀποσωθήσονται
489 1634 539 1708 εἰς
563 1625 626 1714 τήν
653 1633 798 1722 οἰκείαν,
823 1625 995 1698 τοσούτων
1021 1625 1084 1714 μὲν

77 1754 104 1796 15
119 1731 232 1798 ἐθνῶν
250 1734 406 1816 μαχίμων
422 1727 681 1818 περιειργόντων
699 1734 788 1816 σφάς
807 1729 844 1795 ἐν
861 1726 989 1818 κύκλῳ,
1015 1732 1084 1796 τάν
1110 1779 1114 1783 ,

116 1828 179 1918 μὲν
206 1827 304 1899 οάπω
330 1827 671 1919 προσκεχωρηκότων,
696 1825 717 1897 δ
739 1829 781 1916 δή
799 1825 887 1916 ὑπὲρ
901 1831 960 1914 τής
988 1831 1084 1897 ἐλευ-

117 1935 235 2019 θερίας
261 1937 391 2013 ελκαζον
415 1927 634 2016 ἀγωνιεῖσθαι
652 1933 834 2018 καρτεράς,
860 1931 928 1996 τάν
946 1927 985 1997 δὲ
998 1925 1085 1996 άπο-

118 2033 346 2119 στησομένων,
373 2029 616 2120 ἀφαιρεθέντος
640 2028 758 2108 αύτοϊς
784 2032 844 2096 τού
861 2025 1084 2118 Ἀλεξάνδρου
1216 2084 1223 2092 .

119 2132 245 2220 φόβον·
291 2135 451 2220 ποταμῶν
484 2158 521 2201 τε
548 2133 585 2200 όν
610 2130 702 2222 μέσῳ
729 2125 919 2216 ἀδιαβάτων
945 2129 1022 2198 τότε
1047 2156 1086 2214 γε

78 2233 262 2304 ωέδόκονν
290 2230 385 2302 εἶναι.
425 2233 483 2302 καὶ
509 2231 617 2302 πάντα
644 2237 762 2320 σφίσιν
789 2224 901 2319 άπορα
922 2232 979 2298 καὶ
997 2229 1086 2321 άμή·

117 2361 204 2424 χανα
227 2331 359 2422 ἐρήμας
374 2328 596 2423 Ἀλεξάνδρου
617 2335 782 2420 ἐφαίνετο.
811 2327 855 2412 ιδς
874 2329 912 2400 δὲ
929 2322 992 2418 ήκέ
1007 2357 1086 2401 ποτε
1104 2347 1119 2396 3

118 2435 218 2521 λόγος
244 2432 294 2502 ότι
318 2439 356 2524 ζή
381 2431 617 2524 Ἀλέξανδρος,
650 2433 760 2526 τούτῳ
786 2431 850 2520 μὲν
880 2430 976 2520 μόγις
1003 2434 1087 2513 ξυν-

119 2535 299 2622 εχιόοησαν·
315 2543 348 2605 εἰ
361 2534 399 2604 δὲ
416 2537 473 2604 καλ
486 2533 643 2624 βιώσιμός
657 2538 757 2622 ἐστιν,
776 2532 872 2603 ούπω
886 2533 1086 2602 ἐπιστεύετο.
1160 2545 1163 2554 “

121 2633 167 2714 ύς
200 2634 238 2702 δὲ
269 2637 328 2703 καλ
360 2637 554 2724 γράμματα
570 2634 649 2724 παρ’
684 2634 793 2705 αὐτοῦ
824 2625 905 2722 ήκεν
930 2631 981 2703 ότι
1006 2631 1087 2703 ὅσον

81 2757 109 2800 ει
121 2734 217 2810 οὔπω
234 2734 469 2805 κατελεύσεται
487 2736 542 2804 ἐπὶ
559 2736 596 2802 τὸ
615 2736 856 2823 στρατόπεδον,
883 2733 965 2802 οὐδὲ
983 2737 1087 2802 ταῦτα

118 2849 191 2915 τοῖς
218 2842 355 2914 πολλοῖς
381 2833 449 2903 ύπδ
476 2837 536 2904 τού
564 2831 649 2922 άγαν
676 2835 775 2916 δέους
802 2834 1087 2922 πιστάόφαίνετο,

119 2933 205 3006 άλλά
220 2933 424 3006 πλάττεσθαι
440 2932 506 3022 γάρ
520 2933 605 3023 πρός
622 2936 690 3004 τῶν
708 2932 796 3023 ἀμφ’
812 2929 920 3004 αύτδν
934 2955 1088 3023 σωματο-

118 3037 283 3126 φυλάκων
308 3037 427 3106 τεκαὶ
453 3041 649 3123 στρατηγῶν
675 3035 828 3118 εἰκάζετο.

195 3137 266 3207 Καὶ
290 3141 397 3206 ταῦτα
425 3137 587 3224 ἐννοήσας
608 3131 855 3226 Ἀλεῖανδρος,·
870 3136 917 3227 μή
941 3164 973 3206 τι
998 3164 1083 3207 νεω-
1099 3147 1137 3212 13

82 3259 108 3301 ³0
120 3242 289 3328 τερισθιίη
316 3241 353 3308 ἐν
375 3243 418 3328 τή
437 3243 574 3328 στρατιᾷ
593 3235 647 3306 ὅτε
663 3241 796 3327 πρῶτον
814 3237 971 3326 ἠδυνήθη
989 3246 1088 3328 κομί·
1166 3275 1173 3291 ·

120 3346 205 3422 ζεται
232 3340 287 3410 ἐπὶ
313 3344 376 3408 τού
394 3343 549 3427 ποταμού
574 3339 635 3408 τοῦ
660 3335 849 3426 ’Ῥδραύτου
876 3339 936 3420 τάς
963 3337 1086 3427 όχθας·

121 3441 179 3508 καὶ
205 3441 317 3510 πλέων
343 3439 426 3510 κατά
452 3440 514 3510 τόν
541 3430 768 3532 ποταμόν.(ήυ
794 3440 860 3531 γάρ
886 3439 924 3510 τό
943 3438 1086 3530 στρατό-
1151 3508 1153 3517 Α
