2632 3922
211 156 275 222 184
568 115 821 216 ιιεαιαιεον

212 317 383 403 ἐκπέμπει,
401 323 437 384 οἳ
453 314 495 402 δή
513 314 608 402 μόνοι
627 321 674 384 ἔτι
690 308 916 384 ἀπελείποντο
934 317 972 383 έν
984 320 1027 403 ιη’
1042 326 1184 408 ῌαραι-

175 419 365 503 ττακηνῶν
391 417 485 506 χόρμ
508 415 738 503 ἀφεστηκότες.
778 417 836 484 καὶ
858 415 966 501 μάχης
990 418 1185 503 γενομένης

210 515 296 638 πρὸς
322 515 449 597 αότοός
474 521 638 604 καρτεράς
665 519 802 584 νικάσιν
824 521 861 584 ολ
881 514 969 603 ἀμφὶ
997 515 1183 606 Κράτερον

209 623 253 707 τή
287 617 392 740 μάχη
440 617 497 685 καὶ
531 616 689 703 Κατάνης
727 615 790 704 μὲν
822 614 1032 704 ἀποθνήσκει
1065 614 1180 686 αὐτοῦ
1272 697 1273 704 χ

210 717 415 806 μαχόμενος,
442 715 622 804 Αὐστάνης
646 715 684 786 δὲ
707 717 914 803 ξυλληφθεὶς
937 716 1067 805 ἀνήχθη
1090 713 1209 806 παρέ
1271 704 1274 764 λ

207 818 448 905 Ἀλέξανδρον
474 821 544 885 των
575 816 613 885 δὲ
639 815 703 894 ξδν
720 812 837 896 αότοίς
861 818 1044 904 βαρβάρων
1063 823 1182 898 ἱππεῖς
1274 775 1276 908 ή

211 947 274 1006 μεν
292 918 468 988 ἀπέθανον
486 919 519 996 ές
540 915 658 987 ἑκατόν
682 918 739 985 καί
764 928 881 1004 είκοσι,
909 920 999 1001 πεζοὶ
1023 918 1062 987 δὲ
1086 917 1225 1005 ἀμφὶ

210 1019 292 1098 τούς
318 1025 445 1105 χιλίους
472 1024 722 1097 πεντακοσίους.
755 1022 863 1086 ταῦτα
888 1016 976 1086 δὲ’
952 1043 998 1098 ως
1023 1020 1180 1107 ἐπράχθη

211 1134 283 1198 τοῖς
311 1114 398 1205 ἀμφὶ
425 1116 613 1206 Κράτερον,
638 1118 695 1186 καὶ
727 1107 821 1186 οὗτοι
846 1120 880 1197 ἐς
897 1118 1033 1208 Βάκτρα
1059 1118 1178 1209 ᾔεσαν.
1279 1133 1280 1184 λ

211 1220 277 1288 καὶ
294 1221 330 1288 έν
348 1218 512 1308 Βάκτροις
529 1246 567 1287 το
556 1217 676 1306 ἀμφὶ
695 1219 933 1307 Καλλισθένην
954 1245 991 1288 τε
1013 1221 1071 1288 καὶ
1093 1220 1179 1300 τούς
1194 1247 1222 1287 ιο

213 1325 341 1400 παιδας
367 1319 508 1407 πάθημα
531 1317 742 1410 Ἀλεξάνδρῳ
769 1321 971 1408 ξυνηνέχθη.

178 1437 196 1485 3
286 1420 350 1492 Ἐκ
376 1421 540 1509 Βάκτρων
563 1421 602 1488 δὲ
629 1421 803 1506 ἐξήκοντος
824 1418 890 1507 ήδη
906 1423 969 1490 τοῦ
992 1411 1074 1510 ἦρος
1091 1419 1179 1489 ἀνα·
1283 1422 1285 1508 ζ

212 1522 329 1609 λαβάν
359 1519 422 1606 τήν
453 1519 611 1608 στρατιάν
642 1517 833 1608 προάχιόρει
869 1519 915 1600 ὥς
951 1519 1007 1590 ἐπὶ
1034 1517 1177 1608 Ἰνδούς,

210 1617 378 1708 Ἀμόνταν
401 1615 579 1689 ἀπολιπιόν
602 1623 638 1690 έν
657 1625 700 1708 τῇ
718 1619 811 1711 χιόρᾳ
834 1627 902 1690 τεόν
919 1627 1096 1710 Βακτρίων
1118 1624 1178 1691 καὶ

213 1721 277 1803 ξόν
294 1718 388 1811 αὐτῷ
409 1721 529 1801 ίιιπέοις
547 1720 610 1810 μὲν
627 1727 829 1809 τρισχιλίους
847 1723 904 1791 καὶ
923 1729 1177 1817 πεντακοσίους,
1193 1749 1222 1790 ιτ

177 1820 332 1906 ιπεζοάς
357 1821 395 1891 δὲ
418 1829 574 1911 μυρίους.
619 1821 823 1910 ὑπερβαλὼν
846 1822 884 1890 δὲ
907 1823 968 1890 τὸν
991 1823 1179 1892 Καόκασον

213 1927 251 1994 έν
278 1923 359 1992 δέκα
385 1923 523 2013 ἡμέραις
549 1920 690 2010 ἀφίκετο
724 1926 758 2002 ἐς
786 1920 1040 2011 Ἀλεξάνδρειαν
1065 1924 1177 2011 πόλιν,

211 2024 275 2111 τήν
299 2034 494 2092 κτισθεῖσαν
520 2025 557 2092 έν
574 2022 876 2112 Παραπαμισάδαις
900 2022 955 2091 ότε
977 2023 1016 2092 τό
1041 2028 1178 2112 πρῶτον

213 2127 271 2194 ἐπὶ
289 2123 452 2212 Βάκτρων
471 2125 648 2192 ἐστέλλετο.
681 2126 739 2191 καὶ
757 2123 817 2192 τόν
834 2123 897 2210 μὲν
913 2121 1069 2212 ὕπαρχον
1086 2122 1179 2204 ὅστις

213 2222 308 2313 αὐτῷ
336 2224 391 2292 ἐπὶ
417 2229 481 2308 τής
502 2224 630 2303 πόλεως
661 2221 736 2292 τότε
769 2223 894 2311 ἐτάχθη
926 2224 1092 2312 παραλύει
1117 2230 1223 2310 τῆςεο

178 2324 338 2411 σάρχῆς,
364 2321 414 2392 ὅτι
431 2321 472 2392 οά
497 2328 608 2401 καλῶς
632 2326 822 2412 ἐξηγεῖσθαι
847 2325 953 2404 ἔδοξε·
978 2345 1179 2412 προσκατοι-

213 2433 312 2504 κίσας
339 2423 377 2493 δὲ
403 2426 460 2492 καὶ
493 2422 617 2504 ἀλλους
642 2427 712 2493 τῶν
738 2430 917 2512 περιοίκων
949 2451 985 2493 τε
1016 2425 1074 2492 καὶ
1105 2425 1187 2494 ὅσον

212 2529 282 2594 τῶν
301 2527 512 2612 στρατιωτῶν
530 2519 697 2613 ἀπόμαχοι
708 2516 793 2613 ήσαν
808 2527 842 2606 ἐς
855 2525 915 2612 τήν
926 2519 1179 2614 Ἀλεξάνδρειαν

214 2625 392 2720 Νικάνορα
415 2625 497 2714 μέν,
524 2628 584 2696 ἕνα
600 2629 671 2694 τάν
689 2627 845 2716 ἑταίρων,
868 2623 930 2711 τήν
954 2625 1052 2694 πόλιν
1070 2624 1179 2714 αὐτὴν

214 2740 354 2813 κοσμεῖν
381 2727 550 2796 ἐκέλευσε·
592 2727 768 2816 σατράπην
795 2725 834 2795 δέ
858 2725 1054 2814 Ῥυριάσπην
1078 2729 1177 2795 κατέ·
1191 2752 1221 2794 ιτ

214 2847 315 2915 στησε
340 2830 399 2914 τής
425 2854 461 2896 τε
486 2826 596 2916 χώρας
621 2834 682 2914 τής
707 2831 1008 2917 Παραπαμισαδῶν
1034 2828 1092 2896 καλ
1117 2832 1178 2914 τῆς

179 2927 315 3015 σάλλης
343 2934 416 2996 έστε
444 2931 500 2996 ἐπὶ
525 2929 586 2997 τόν
603 2933 757 3014 Κωφῆνα
781 2927 940 3015 ποταμόν.
976 2923 1181 3016 ἀφικόμενος

214 3029 253 3096 δὲ
273 3033 305 3108 ἐς
325 3035 473 3098 Νίκαιαν
491 3027 589 3096 πόλιν
602 3028 657 3096 καὶ
671 3031 712 3114 τή
723 3025 851 3117 Ἀθηνᾷ
865 3027 976 3106 θύσας
988 3026 1180 3117 προόχόρει

215 3127 260 3206 ὥς
276 3129 330 3196 ἐπὶ
348 3127 409 3196 τόν
427 3129 592 3214 Κωφῆνα,
609 3128 808 3216 προπέμψας
826 3127 957 3216 κήρυκα
971 3124 1179 3219 ἀςΤαξίλην

213 3254 249 3296 τε
266 3228 323 3296 καὶ
340 3224 421 3306 τούς
446 3229 502 3296 ἐπὶ
525 3228 605 3298 τάδε
627 3231 688 3298 τοῦ
703 3225 814 3298 Ἰνδοῦ
832 3232 997 3316 ποταμοῦ,
1016 3230 1179 3310 κελεύσας
1193 3255 1236 3298 νο·

213 3325 370 3396 ἀπαντᾶν
396 3324 489 3408 ὅπως
508 3323 552 3395 ἀν
577 3327 725 3409 ἑκάστοις
748 3332 918 3418 προχωρῇ.
957 3330 1015 3397 καὶ
1038 3333 1180 3418 Ταξίλης

147 3467 150 3474 ’
213 3453 249 3496 τε
266 3429 324 3496 καὶ
343 3430 379 3495 οἱ
394 3423 489 3497 ἀλλοι
505 3425 651 3519 ὕπαρχοι
668 3427 838 3517 ἀπήντων,
865 3431 959 3518 δῶρα
978 3428 1020 3498 τά
1042 3430 1183 3518 μέγιστα
