2620 3924
231 159 293 226 164
534 157 543 170 “
585 119 840 217 mmor

229 320 345 406 δόξαν,
372 316 418 398 05«,-
444 314 486 387 οό
514 315 555 386 τὰ
582 321 696 386 δίκαια
722 313 789 404 ἀρα
806 315 868 402 χρῆ
886 320 1022 405 σπουδῇ
1043 318 1199 403 ἐπιλεγό-

228 447 332 510 μενον
350 419 509 508 πράττειν
525 416 588 487 τόν
611 417 761 504 βασιλέα,
785 416 870 488 ἀλλὰ
887 414 907 485 ὅ
923 443 955 484 τι
969 413 1012 487 ἀν
1028 420 1085 486 καλ
1104 417 1199 499 ὅπως

229 513 293 590 οὖν
320 523 357 589 ἐκ
382 520 544 608 βασιλέως
571 521 730 607 πραγθῆ,
755 522 856 586 τοῦτο
883 522 1013 586 δίκαιον
1039 526 1197 609 νομίζειν.

196 637 211 686 ε
230 623 302 692 ἐπεὶ
325 622 383 690 καλ
407 630 674 708 προσκυνεῖσθαι
688 619 830 688 Ιἐθέλειν
851 617 1071 707 Ἀλέξανδρον
1097 620 1199 706 λόγος

228 724 369 808 κατέχει,
395 720 551 809 όποόσης
577 719 641 807 μὲν
667 717 760 811 αότςό
778 720 835 788 καὶ
853 721 912 806 τῆς
929 719 1018 808 ἀμφὶ
1038 725 1100 788 τοῦ
1108 718 1224 809 Ἀρι-ι

229 850 341 912 μώνος
359 823 485 908 πατρὸς
503 820 633 909 μᾶλλόν
647 847 678 888 τι
695 815 716 907 ῆ
737 826 907 890 Φιλίππου
926 819 1037 908 δόξης,
1055 822 1198 910 θαυμά-

228 933 326 1008 ζοντα
343 922 382 992 δέ
394 921 459 1010 ἤδη
476 922 519 990 τὰ
538 924 683 1009 Περσῶν
699 921 758 988 καί
776 920 911 1006 Μήδων
928 923 986 1007 τῆς
999 947 1035 990 τε
1054 924 1198 1008 ἐσθῆτος

167 1047 172 1056 ’
229 1029 272 1112 τῆ
288 1021 420 1112 ἀμείψει
434 1027 490 1091 καὶ
503 1027 563 1108 τῆς
576 1021 680 1108 ἄλλης
693 1029 877 1109 θεραπείας
889 1027 930 1109 τῆ
945 1023 1203 1110 μετακοσμήσει..

155 1181 159 1190 .
231 1121 295 1192 οὐκ
319 1125 472 1210 ἐνδεῆσαι
492 1122 530 1191 δὲ
551 1121 634 1192 οὐδὲ
651 1121 736 1210 πρὸς
759 1125 861 1192 τοῦτο
879 1120 973 1212 αὐτῷ
990 1122 1072 1202 νοός
1093 1132 1198 1192 κολα-

230 1231 303 1314 κεία
331 1227 364 1304 ές
391 1222 475 1293 αότδ
503 1221 710 1315 ἐνδιδόντας,
737 1220 862 1302 ἄλλους
886 1224 926 1292 τέ
946 1249 1041 1303 τινας
1067 1225 1124 1292 καὶ
1149 1223 1196 1310 δῆ
1214 1254 1236 1294 ιο

229 1327 287 1394 καὶ
313 1330 382 1394 τών
410 1329 580 1412 σοφιστῶν
605 1326 674 1392 τών
701 1321 787 1410 ἀμφ’
816 1321 923 1392 αὐτόν
938 1322 1144 1412 Ἀνάξαρχόν
1162 1350 1201 1394 τε

230 1427 287 1494 καὶ
306 1418 404 1512 Ἀγιν
426 1424 593 1511 Ἀργεῖον,
619 1423 790 1492 ἐποποιόν.

183 1525 222 1590 10
309 1528 544 1612 Καλλισθένην
562 1523 600 1592 δὲ
621 1525 682 1592 τόν
695 1523 878 1593 Ὀλύνθιον
892 1524 1139 1614 Ἀριστοτέλους
1161 1553 1201 1596 τε

229 1629 298 1694 τών
324 1624 436 1712 λόγων
463 1623 663 1712 διακηκοότα
688 1625 745 1694 καὶ
771 1623 832 1694 τόν
854 1624 981 1713 τρόπον
1005 1626 1088 1696 ὅντα
1104 1626 1200 1696 ἀπα-

230 1725 446 1816 γροικότερον
478 1722 541 1795 οόκ
568 1729 720 1795 ἐπαινεῖν
745 1730 861 1794 ταῦτα.
913 1725 1035 1796 κου’τον
1062 1727 1126 1815 μὲν
1152 1727 1198 1814 δῆ
1213 1755 1236 1795 15

230 1829 329 1896 ἕνεκα
354 1827 412 1896 καὶ
438 1824 542 1907 αάτός
569 1827 790 1898 Καλλισθένει
822 1825 1047 1916 ξυμφέρομαι·
1082 1830 1199 1897 ἐκεῖνα

230 1925 269 1995 δέ
298 1926 410 1998 οὐκέτι
442 1929 565 2013 ἐπιεικῆ
596 1932 687 1996 δοκώ
716 1931 778 1996 κου’
799 1927 1072 2016 Καλλισθένους,
1099 1938 1197 2018 εἴπερ

230 2022 343 2115 ἀληθῆ
367 2029 625 2115 ξυγγέγραπται,
653 2025 703 2097 ὅτι
719 2024 778 2113 ὑφ’
803 2023 898 2118 αὑτῷ
923 2025 1009 2096 εἶναι
1032 2023 1199 2116 ἀπέφαινε

230 2128 287 2195 καὶ
319 2134 363 2216 τῆ
398 2122 507 2196 αὑτοῦ
533 2130 714 2216 ξυγγραφῆ
743 2124 964 2213 Ἀλέξανδρόν
996 2156 1032 2198 τε
1064 2131 1120 2198 καὶ
1153 2130 1199 2198 τά

197 2225 450 2316 νἈλεξάνδρου
474 2232 565 2316 ἐργα.
610 2223 738 2296 οὔκουν
762 2225 865 2308 αότδς
892 2223 1036 2317 ἀφῖχθαι
1053 2231 1086 2312 ἐξ
1101 2228 1198 2301 Ἀλε-
1213 2257 1238 2297 εο

230 2329 378 2416 ξάνδρου
397 2328 502 2409 δόξαν
519 2327 739 2415 κτησόμενος,
763 2327 849 2396 ἀλλά
876 2332 1006 2399 ἐκεῖνον
1023 2326 1144 2400 εώκλεά
1163 2333 1200 2412 ἐς

230 2427 436 2516 ἀνθρώπους
463 2427 621 2516 ποιήσῳν.
670 2428 727 2496 καλ
753 2419 816 2498 οὖν
842 2432 900 2499 καὶ
926 2435 992 2498 του
1010 2441 1109 2501 θείου
1134 2428 1200 2518 τῆν

230 2535 412 2617 μετουσίαν
436 2522 643 2620 Ἀλεξάνδρῳ
674 2525 738 2599 οάκ
766 2531 799 2611 ἐξ
827 2520 875 2600 ὧν
898 2528 1080 2619 Ὀλυμπιὰς
1106 2530 1199 2619 ὑπὲρ

231 2635 290 2716 τῆς
317 2631 479 2716 γενέσεώς
504 2624 612 2698 αὐτοῦ
637 2629 795 2710 ψεόδεται
818 2628 1043 2720 ἀνηρτῆσθαι,
1069 2631 1139 2701 ἀλλ’
1163 2635 1199 2720 ἐξ

119 2777 120 2780 =
232 2720 281 2800 ὧν
297 2727 339 2798 διν
357 2724 460 2810 αὐτὸς
476 2727 563 2820 ὑπὲρ
578 2729 800 2818 Ἀλεξάνδρου
818 2733 1018 2820 συγγράψας
1039 2731 1238 2822 ἐξενέγκητε

198 2833 267 2912 3ἐς
300 2825 515 2920 ἀνθρώπους.
567 2831 632 2901 είσὶ
658 2831 698 2902 δέ
724 2839 760 2900 ολ
783 2831 839 2900 καὶ
871 2833 951 2902 τάδε
984 2832 1196 2922 ἀνέγραψαν,

232 2929 276 3012 ώς
309 2930 374 3019 ἀρα
401 2930 501 3021 ῆρετό
527 2941 606 3002 ποτε
637 2931 742 3002 αὐτόν
776 2931 926 3014 Φιλώτας
952 2933 1067 3003 ὅντινα
1093 2945 1196 3004 οίοιτο

230 3031 373 3120 μάλιστα
389 3037 570 3119 τιμηθῆναι
587 3032 671 3120 πρὸς
688 3036 746 3120 τῆς
761 3030 950 3121 Ἀθηναίων
968 3033 1108 3116 πόλεως·
1135 3033 1198 3103 τόν

231 3131 270 3200 δὲ
296 3129 546 3220 ἀποκρίνασθαι
559 3129 736 3220 Ἁρμόδιον
762 3134 818 3202 καλ
845 3131 1120 3223 Ἀριστογείτονα,
1146 3133 1196 3205 ὅτι

97 3245 100 3256 ’
230 3230 290 3300 τόν
317 3234 431 3318 ἕτερον
457 3244 531 3300 τοίν
555 3231 737 3318 τυράννοιν
762 3239 911 3304 ἔκτειναν
928 3236 985 3304 καὶ
1009 3241 1196 3325 τυραννίδα
1210 3263 1236 3304 ιο

154 3415 157 3422 1
196 3329 280 3400 4ότι
305 3333 504 3402 κατέλυσαν.
557 3333 693 3422 ἐρέσθαι
718 3360 754 3404 τε
779 3326 882 3415 αὖθις
907 3334 968 3405 τόν
988 3337 1141 3406 Φιλώταν
1166 3343 1199 3406 εἰ

231 3437 278 3524 τῷ
295 3432 465 3521 τύραννον
482 3439 647 3502 κτείναντι
663 3431 808 3522 όπάρχει
825 3433 900 3523 παρ’
916 3435 1073 3516 οὕστινας
1089 3437 1199 3506 ἐθέλει
