2632 3922
219 167 281 229 176
575 163 829 222 ΔΛΕΞΑΝΔΡΟΤ

217 323 363 410 τήκοντα
396 327 526 402 ίτπεῑς·
559 326 597 390 οί
626 321 665 390 δὲ
691 320 786 390 ἄλλοι
812 319 854 389 οὐ
882 325 1035 408 χαλεπῶς
1060 317 1095 400 ἐς
1119 318 1191 407 τήν

218 421 347 512 ἐρήμην
360 424 593 510 διεσώθησαν,
616 421 668 490 ὅτι
685 421 816 512 ἄπορον
835 415 876 508 ἦν
895 422 1094 511 προσωτέρω
1110 437 1189 501 τοῖς

219 525 398 594 Μακεδόσι
423 523 566 592 διῶκειν.

183 643 200 692 3
295 628 365 695 Καὶ
390 623 429 694 ἐν
454 621 565 716 τοότῳ
579 622 799 711 Ἀλέξανδρος
815 621 1017 712 Ἀρτάβαζον
1033 621 1107 710 μὲν,
1120 625 1186 708 τῆς

218 731 420 816 σατραπείας
443 730 503 813 τῆς
519 734 697 814 Βακτρίων
720 720 923 794 ἀπαλλάττει
947 725 1110 810 δεηθέντα
1127 723 1187 790 διὰ
1216 751 1230 792 ι

217 831 341 916 γῆρας,
367 821 538 914 Ἀμόνταν
561 826 601 895 δὲ
625 827 687 894 τὸν
706 825 880 896 Νικολάου
906 824 1081 914 σατράπην
1105 821 1184 892 ἄντ’
1230 913 1241 918 1

218 924 326 997 αὐτοῦ
351 933 539 1014 καθίστησι.
593 935 721 996 Κοῖνον
745 926 784 995 δὲ
806 925 981 996 ἀπολείπει
998 925 1103 994 αὐτοῦ
1121 923 1187 1011 τήν

217 1055 254 1098 τε
277 1027 384 1098 αὑτοῦ
409 1027 503 1109 τάξιν
520 1028 579 1096 καλ
595 1024 659 1114 τὴν
677 1027 880 1116 Μελεάγρου
899 1033 1018 1113 ἔχοντα
1034 1027 1091 1094 καλ
1113 1027 1186 1093 τῶν
1296 1040 1297 1132 χ

220 1132 363 1215 ἑταίρων
383 1130 514 1197 ἱππέων
527 1124 562 1208 ἐς
575 1135 813 1217 τετρακοσίους
832 1129 890 1197 καλ
911 1128 992 1207 τοὺς
1018 1131 1185 1196 ίππιικον-
1296 1141 1297 1146 ’

217 1230 330 1310 τιστάς
348 1228 477 1309 πάντας
494 1229 551 1298 καλ
574 1232 644 1298 τῶν
661 1234 837 1316 Βακτρίων
854 1219 890 1298 τε
906 1230 964 1310 καὶ
978 1229 1185 1313 Σογδιανῶν
1200 1256 1226 1296 ιο

217 1333 274 1400 καλ
293 1328 367 1400 ὅσοι
385 1329 482 1399 ἄλλοι
494 1329 576 1418 μετά
587 1329 753 1418 Ἀμύντου
774 1319 978 1418 ἐτάχθησαν,
995 1328 1186 1418 προστάξας

218 1430 344 1501 ἅπασιν
370 1428 508 1500 άκοόειν
532 1436 660 1500 Κοίνου
686 1431 744 1499 καὶ
770 1429 987 1518 διαχειμάζειν
1010 1427 1118 1498 αὐτοῦ
1146 1426 1186 1496 ἐν
1297 1511 1298 1526 ρ

218 1535 260 1621 τῇ
280 1535 471 1620 Σογδιανῇ,
491 1537 551 1618 τῆς
568 1557 604 1600 τε
627 1529 738 1620 χῶρας
763 1533 862 1600 ἕνεκα
879 1533 938 1617 τῆς
956 1531 1109 1618 φυλακῆς
1126 1531 1185 1598 καλ

220 1643 255 1702 εί
282 1657 328 1718 πη
363 1630 430 1721 ἄρα
462 1631 677 1719 Σπιταμένην
708 1630 972 1720 περιφερόμενον
1006 1630 1089 1700 κατά
1122 1629 1185 1700 τόν

220 1736 366 1823 χειμῶνα
394 1731 656 1820 ἐνεδρεύσαντας
682 1734 871 1821 ξυλλαβεῖν.
1199 1760 1226 1802 ιι

185 1858 202 1906 4
296 1835 511 1924 Σπιταμένης
535 1833 573 1902 δὲ
590 1833 647 1902 καλ
665 1839 702 1902 οί
716 1831 801 1921 ἄμφ’
822 1829 929 1902 αὐτόν
947 1829 993 1912 ῶς
1016 1845 1184 1922 φρουραῖς

219 1961 255 2005 τε
275 1935 385 2004 πάντα
402 1934 645 2023 κατειλημμένα
673 1933 787 2023 έῶρων
814 1935 946 2003 ἐκτῶν
973 1932 1184 2004 Μακεδόνων

220 2042 279 2104 καί
303 2057 417 2124 σφισιν
444 2033 556 2123 ἄπορα
582 2033 690 2122 πάντη
722 2033 762 2102 τά
788 2037 847 2120 τῆς
880 2037 1184 2121 φυγῆςέγίγνετο,

220 2133 266 2215 ῶς
300 2138 354 2204 ἐπὶ
388 2134 519 2204 Κοῖνόν
550 2160 585 2204 τε
616 2135 673 2202 καὶ
698 2133 762 2220 τὴν
787 2133 851 2217 ξδν
881 2134 991 2227 τοότφ
1026 2133 1184 2223 στρατιάν

170 2309 174 2316 ,
221 2234 416 2324 ἐτράποντο,
444 2229 489 2315 ῶς
507 2235 614 2322 ταότη
638 2233 768 2322 μᾶλλόν
784 2262 815 2302 τι
834 2233 1005 2323 ἀξιόμαχοι
1023 2235 1182 2323 ἐσόμενοι.
1198 2265 1228 2322 το
1295 2289 1297 2298 .

220 2331 415 2424 άφικόμενοι
445 2335 484 2404 δὲ
514 2337 547 2414 ές
577 2335 708 2423 Βαγάς,
748 2343 873 2424 χωρίου
904 2341 964 2423 τῆς
994 2339 1185 2423 Σογδιανῆς

220 2435 359 2524 ὀχυρόν,
384 2437 421 2504 έν
438 2441 593 2527 μεδορίφ
607 2441 666 2522 τῆς
687 2463 723 2504 τε
749 2441 950 2524 Σογδιανῶν
967 2441 1030 2524 γῆς
1050 2439 1185 2524 καὶτῆς

220 2540 456 2622 Μασσαγετῶν
475 2538 628 2605 Σκυθῶν
652 2533 852 2628 ᾠκισμένον,
878 2536 1125 2608 ἀναπείθουσιν
1142 2535 1183 2606 οό

220 2641 372 2723 χαλεπῶς
390 2641 458 2704 τῶν
476 2641 630 2706 Σκυδῶν
649 2639 769 2717 ἱππέας
788 2640 822 2717 ές
839 2645 1041 2726 τρισχιλίους
1058 2658 1185 2726 συνεμ-

186 2736 357 2826 woman
383 2743 501 2824 σφίσιν
533 2737 566 2817 ἐς
592 2735 654 2824 τὴν
682 2737 884 2825 Σογδιανήν.
924 2744 961 2807 οί
984 2737 1022 2807 δέ
1049 2737 1186 2809 Σκύθαι
1197 2769 1225 2809 τε

220 2829 314 2907 οὗτοι
340 2833 466 2929 άτιορίηι
496 2863 531 2906 τε
561 2843 670 2927 πολλῇ
696 2845 825 2924 ἔχονται
853 2837 911 2908 καὶ
934 2837 1001 2927 ἅμα
1028 2838 1079 2908 ότι
1105 2837 1185 2909 οὔτε

219 2939 331 3019 πόλεις
350 2938 439 3008 είσλυ
457 2935 575 3019 αὐτοῖς
593 2936 672 3007 οὔτε
697 2940 825 3027 ἑδραῖοι
848 2943 1013 3029 οἰκοῦσιν,
1044 2939 1090 3020 ῶς
1115 2945 1184 3009 δει-

219 3044 353 3126 μαίνειν
380 3033 423 3106 άυ
449 3039 526 3127 περλ
552 3043 622 3106 τῶν
648 3038 831 3127 φιλτάτων,
862 3037 904 3109 ου’
932 3041 1072 3126 χαλεποὶ
1098 3039 1184 3110 ἀνα-

220 3142 403 3224 πεισθῆναί
427 3144 513 3207 εἰσιν
540 3139 573 3217 ἐς
600 3136 705 3207 ἄλλον
731 3140 789 3208 καὶ
815 3139 918 3210 ἄλλον
942 3141 1099 3230 πόλεμον.
1140 3139 1185 3222 ῶς

220 3237 258 3306 δὲ
275 3236 402 3316 Κοῖνός
419 3263 456 3318 τε
477 3237 534 3305 καλ
554 3243 590 3306 οί
604 3234 692 3328 ἀμφ’
713 3239 819 3310 αὐτόν
838 3248 967 3330 ἔμαθον
985 3241 1184 3333 προσιόντας
1198 3275 1224 3316 εο

219 3335 300 3416 τοδς
327 3336 391 3415 ξόν
418 3339 623 3427 Σπιταμένει
651 3342 783 3429 ἱππέας,
817 3335 978 3428 ἀπήντων
1004 3343 1060 3410 καὶ
1087 3343 1185 3411 αὐτοὶ

186 3455 201 3504 6
219 3435 300 3526 μετά
323 3439 382 3525 τῆς
403 3441 566 3528 στρατιάς.
612 3440 668 3511 καὶ
687 3447 836 3527 γίγνεται
855 3439 970 3511 αὐτῶν
992 3442 1082 3531 μάχη
1099 3469 1185 3531 καρ-
