2632 3922
197 176 267 242 234
554 177 806 235 καεετενιεον
1292 231 1293 250 ,

197 341 325 422 ἳναπερ
343 334 389 423 μή
409 334 521 424 εἶργεν
547 333 689 424 ήλίμνη
713 333 777 422 τήν
803 333 902 403 πόλιν
926 333 983 416 καὶ
1010 333 1178 422 φυλακάς
1292 285 1293 328 ¹

201 440 241 506 ἐν
255 436 369 528 κόκλῳ
383 440 441 525 τής
456 443 576 525 λίμνης
589 434 826 524 α’κριβεστίρας
835 437 1041 524 κατέστησεν.
1061 431 1177 516 αότός
1289 439 1293 460 ⁴

197 537 242 606 δὲ
268 536 419 626 μηχανάς
446 537 630 626 προσάγειν
648 539 696 628 τῷ
714 544 813 624 τείχει
831 536 972 624 ἐπενόει,
998 536 1044 616 τός
1061 529 1174 604 κατα-

203 644 306 707 σείειν
332 637 371 707 τό
397 651 515 724 τείχος.
556 636 845 725 αὐτομολήσαντες
872 637 911 706 δὲ
931 635 1025 729 αὐτῷ
1042 642 1111 705 τῶν
1132 639 1173 706 ἐκ

95 780 100 791 -
202 743 262 826 τῆς
281 739 410 818 πόλεάς
428 765 515 819 τινες
533 740 722 828 φράζουσιν
739 737 790 808 ὅτι
817 742 854 808 ἐν
872 743 920 831 νῷ
939 745 1043 826 ἔχοιεν
1061 737 1170 828 αὐτῆς
1202 765 1218 805 ε

205 842 333 928 ἐκείνης
364 842 423 926 τῆς
457 841 580 920 νυκτὸς
615 842 787 909 ἐκπίπτειν
820 843 857 910 ἐκ
887 843 945 927 τής
972 840 1098 920 πόλεως
1135 844 1175 906 οἱ

200 937 302 1010 Ἰνδοί
328 941 411 1009 κατά
437 940 500 1027 τήν
527 947 651 1028 λίμνην
678 946 799 1030 ἵναπερ
823 942 861 1010 τό
881 939 1011 1020 ἐκλιπὲς
1036 932 1080 1026 ήν
1104 941 1170 1008 τοῦ

163 1066 186 1113 '1
204 1039 359 1130 χάρακος.
413 1039 431 1108 ὁ
465 1040 503 1110 δὲ
531 1049 744 1129 Πτολεμαῖον
774 1041 835 1111 τόν
860 1043 977 1128 Λάγου
1004 1039 1170 1110 ἐπιτάττει

204 1143 369 1229 ἐνταῦθα,
394 1143 467 1210 τῶν
498 1167 534 1210 τε
560 1141 786 1212 ὑπασπιστῶν
811 1142 904 1234 αὐτῷ
931 1141 1013 1222 θοός
1038 1150 1168 1229 χιλιαρ-

203 1249 278 1330 χίας
303 1256 393 1330 τρεῖς
419 1245 476 1312 καὶ
494 1241 576 1324 τοάς
591 1243 774 1332 Ἀγριᾶνας
800 1243 991 1332 ξύμπαντας
1009 1245 1065 1311 καὶ
1083 1251 1169 1330 μίαν
1182 1273 1212 1312 ιο

203 1344 297 1426 τάξιν
315 1347 384 1412 τῶν
401 1346 560 1432 τοξοτῶν,
584 1343 765 1425 ἀποδείξας
790 1345 829 1412 τό
854 1352 978 1434 χωρίον
995 1335 1081 1432 ᾗπερ
1098 1344 1169 1432 μά·

204 1453 299 1514 λιστα
333 1453 438 1528 ελκαζε
469 1445 647 1533 βιάσεσθαι
678 1444 759 1526 τούς
791 1445 1001 1535 βαρβάρους·
1052 1445 1095 1514 σύ
1126 1443 1169 1514 δὲ

200 1544 341 1614 ε’πειθάν
357 1555 479 1634 αἴσθῃ,
505 1551 581 1632 ἔφη,
608 1547 824 1632 βιαζομένους
841 1546 961 1636 ταότη,
985 1544 1086 1624 αὐτὸς
1103 1545 1167 1632 μὲν

199 1647 265 1728 ξὺν
283 1650 327 1733 τῇ
345 1650 482 1734 στρατιᾷ
502 1655 627 1732 εἴργειν
644 1646 725 1727 τούς
743 1646 937 1736 βαρβάρους
957 1651 1019 1715 τοῦ
1037 1645 1167 1734 πρόσω,

199 1745 264 1816 τόν
297 1746 337 1814 δὲ
363 1745 570 1834 σαλπιγκτήν
601 1748 718 1817 κέλευε
750 1755 941 1836 σημαίνειν·
986 1746 1082 1835 ὑμεῖς
1114 1747 1165 1834 δέ,
1179 1775 1205 1817 15

198 1845 323 1934 ἄνδρες
349 1844 522 1936 ήγεμόνες,
549 1845 687 1916 ἐπειδάν
714 1851 884 1937 σημανθῇ,
913 1847 977 1930 ξόν
994 1864 1065 1928 τοῖς
1082 1838 1181 1917 καθἸ

201 1945 328 2027 αότοάς
347 1950 477 2016 ἕκαστοι
493 1948 751 2034 ξυντεταγμένοι
770 1950 856 2018 ίέναι
869 1946 926 2017 ε’τιὶ
939 1947 1000 2018 τόν
1012 1949 1166 2034 θόρυβον
1292 1967 1293 1976 ’

202 2051 260 2116 ἵνα
286 2043 329 2115 ἂν
354 2046 375 2133 ή
395 2049 535 2133 σάλπιγξ
555 2051 745 2137 παρακαλῇ.
789 2047 1009 2137 ἀποστατήσω
1027 2049 1064 2118 δὲ
1082 2044 1166 2118 οὐδὲ

203 2145 269 2234 ἐγώ
296 2151 357 2215 τοῦ
387 2153 499 2236 ἔργον.

145 2253 194 2321 24
277 2245 389 2334 Ὁμὲν
403 2251 508 2316 ταῦτα
521 2246 735 2338 παρήγγειλε·
764 2259 972 2338 Πτολεμαῖος
986 2251 1025 2321 δε
1039 2249 1203 2339 αμάξαςεο

201 2373 236 2416 τε
257 2346 309 2416 ἐκ
312 2349 381 2414 ταῖν
402 2345 693 2435 ἀπολελειμμένων
718 2353 756 2420 ἐν
778 2355 819 2440 τή
838 2353 953 2446 κράτη
967 2359 1105 2442 φυγή
1076 2352 1164 2421 άαα-

201 2449 269 2528 ξῶν
307 2445 414 2535 ταότη
454 2447 719 2534 ξυναγαγών
694 2477 740 2531 ως
776 2458 932 2533 πλείστας
965 2457 1164 2540 κατέστησεν

202 2551 438 2636 ε’γνιαρσίας,”
423 2575 479 2616 ινα
505 2548 611 2618 πολλοὶ
640 2554 678 2620 ἐν
700 2553 801 2620 νυκτὶ
819 2552 859 2621 τά
879 2549 989 2642 άπορα
1007 2561 1164 2680 φαίνηται

201 2663 272 2727 τοῖς
299 2648 477 2737 φεύγουσι,
511 2650 567 2718 καὶ
594 2655 655 2718 τοῦ
688 2651 833 2741 χάρακος
859 2660 922 2722 του
956 2655 1162 2742 κεκομμένου

200 2775 237 2818 τε
263 2750 319 2818 καί
346 2743 388 2818 οὐ
416 2752 688 2838 καταπηχθέντος
715 2759 881 2840 συννῆσαι
899 2753 985 2843 άλλη
1004 2758 1060 2824 καὶ
1078 2755 1161 2845 άλλη
1175 2783 1200 2824 25

202 2851 378 2919 ἐκέλευσεν
404 2851 440 2918 ἐν
466 2853 557 2942 μέσῳ
584 2855 642 2939 τής
667 2876 704 2920 τε
729 2861 848 2942 λίμνης
869 2857 1004 2924 καὶτοῦ
1022 2865 1161 2942 τείχους

201 2951 257 3018 καὶ
285 2955 391 3018 ταῦτα
418 2948 514 3042 αάτῳ
540 2954 575 3019 οί
599 2958 796 3040 στρατιῶται
823 2958 860 3024 ἑν
882 2983 924 3045 τη
911 2959 1041 3026 νυκτὶ
1061 2960 1165 3045 ἐξειρ

161 3082 183 3129 2
200 3049 357 3136 γάσαντο.
398 3048 463 3136 ήδη
488 3075 523 3118 τε
540 3041 583 3136 ήν
602 3043 696 3139 άμῳὶ
705 3055 866 3142 τετάρτην
884 3056 1042 3144 φυλακήν
1058 3059 1166 3126 καλοί

198 3149 374 3237 βάρβαροι,
393 3149 547 3270 καθάπερ
570 3151 744 3237 ἐξήγγελτο
755 3151 976 3249 Ἀλεξάνδρῳ,
1004 3157 1163 3239 άνοίξαν

152 3276 250 3328 τες
276 3247 335 3328 τάς
363 3246 407 3328 ὡς
435 3250 540 3318 ἐπὶ
506 3275 568 3336 την
585 3259 708 3340 λίμνην
726 3255 835 3335 πάλας
853 3257 969 3350 δρόμῳ
989 3255 1036 3328 ἐπ’
1056 3257 1197 3346 αὐτήνεο

195 3349 369 3435 ἐφέροντο
410 3347 450 3417 οὐ
470 3351 536 3436 μήν
554 3352 735 3420 ἔλαθον
697 3379 756 3433 τας
773 3355 880 3444 ταύτῃ
899 3359 1055 3443 ’φυλακάς
1081 3357 1161 3428 οὐδε

197 3455 412 3535 Πτολεμαίου
437 3449 497 3518 τόν
525 3445 579 3518 ἐπ’
606 3450 725 3532 αὐταῖς
751 3456 968 3542 τεταγμένον·
1013 3457 1097 3527 άλλά
1124 3461 1160 3528 ἐν
