2620 3924
218 151 278 215 16ss
571 148 827 230 ικεωιιιιεοτ

215 309 366 399 θρώποις
392 307 465 379 ὅσαι
491 335 527 378 τε
553 305 767 397 ἀνθρώπιναι
791 309 883 397 τιμαὶ
908 310 966 378 καὶ
991 308 1066 379 ὅσαι
1090 319 1187 380 θεῖαι

216 419 352 490 πολλοῖς
373 409 436 498 μὲν
461 410 516 478 καὶ
542 407 666 496 ἀλλοις,
693 409 847 497 καθάπερ
872 415 965 480 ναώυ
986 438 1024 480 τε
1047 415 1186 480 οἰκοδο-

216 509 313 599 μήσει
337 511 395 580 καί
411 508 612 598 ἀγαλμάτων
630 510 812 580 ἀναστάσει
829 511 885 578 καὶ
902 511 1023 600 τεμένη
1046 509 1095 580 ὅτι
1111 526 1186 592 τοῖς

216 623 310 692 θεοῖς
336 615 510 700 ἐξαιρεῖται
535 612 591 679 καί
614 610 735 680 θύεται
754 613 894 691 ἐκείνοις
918 614 975 680 καί
994 614 1185 699 σπένδεται,

216 715 273 782 καὶ
298 710 399 800 ὕμνοι
423 711 485 799 μὲν
513 714 546 791 ἐς
578 713 658 791 τούς
690 714 793 792 θεοὺς
824 717 1018 800 ποιοῦνται,
1046 718 1214 791 ,ἔπαινοισ

217 813 256 882 δὲ
283 815 315 893 ές
339 811 560 902 ἀνθρώπους·
588 809 674 899 ἀτάρ
699 808 762 901 οάχ
784 811 902 901 ἥκιστα
924 816 971 905 τῷ
995 817 1054 899 τῆς
1074 833 1186 901 προσ-

184 928 200 974 3
218 914 387 1001 κυνήσεως
408 912 511 1006 νόμῳ.
536 912 617 993 τούς
629 913 692 1000 μὲν
708 911 774 1002 γάρ
789 913 994 1003 ἀνθρώπους
1012 922 1188 1003 φιλεῖσθαι

219 1014 301 1102 πρὸς
317 1020 387 1083 τῶν
404 1011 659 1102 ἀσπαζομένων·
685 1013 723 1082 τό
749 1023 848 1084 θεῖον
874 1015 925 1101 δέ,
950 1012 1013 1084 ὅτι.
1026 1013 1099 1084 ἀνω
1116 1039 1186 1084 που

219 1115 401 1205 ἱδρυμένον
427 1113 509 1184 οὐδὲ
530 1119 658 1196 ψαῦσαι
683 1113 790 1184 αὐτοῦ
807 1116 915 1202 θέμις,
943 1117 999 1184 ἐπὶ
1016 1120 1102 1207 τῷδε
1119 1111 1188 1202 ἀρα

217 1222 259 1305 τῇ
294 1215 520 1304 προσκυνήσει
551 1223 760 1304 γεραίρεται,
791 1216 849 1284 καί
874 1218 967 1304 χοροὶ
993 1231 1063 1296 τοῖς
1088 1225 1188 1296 θεοῖς
1202 1248 1228 1288 ιο

218 1324 367 1387 ἵστανται
390 1317 447 1384 καὶ
472 1322 610 1396 παιᾶνες
635 1317 689 1384 ἐπὶ
714 1329 784 1396 τοῖς
808 1326 902 1396 θεοῖς
927 1313 1076 1406 ᾅδονται.
1129 1317 1188 1386 καὶ

219 1417 321 1488 οὐδὲν
345 1417 557 1506 θαυμαστόν,
584 1414 684 1485 ὁπότε
709 1443 748 1504 γε
773 1417 831 1485 καί
858 1414 972 1502 αάτών
997 1422 1068 1486 τών
1091 1419 1189 1487 θεῶν

218 1519 329 1599 ἀλλοις
362 1517 460 1586 ἄλλαι
491 1519 582 1606 τιμαὶ
616 1516 838 1605 πρόσκεινται,
865 1519 922 1586 καί
954 1519 1012 1586 ναί
1041 1517 1087 1605 μοὶ
1115 1524 1189 1588 Δία

217 1619 346 1708 ἥρωσιν
372 1616 482 1704 άλλαι,
509 1619 566 1686 καὶ
592 1607 691 1686 αὗται
717 1615 974 1706 ἀποκεκριμέναι
996 1623 1057 1687 τοῦ
1074 1626 1188 1688 θείου.

184 1740 201 1788 4
219 1718 345 1790 οὔκουν
359 1719 449 1799 εἰκός
468 1717 644 1806 ξύμπαντα
663 1720 771 1786 ταῦτα
790 1715 1085 1807 ἀναταράσσοντας
1103 1719 1188 1800 τοάς
1203 1749 1228 1788 15

218 1820 281 1910 μὲν
314 1819 520 1910 ἀνθρώπους
549 1823 582 1899 ἐς
615 1824 723 1906 σχῆμα
755 1815 947 1906 ὑπέρογκον
985 1819 1189 1890 καθιστάναι

218 1925 287 1991 τῶν
318 1927 424 2010 τιμῶν
449 1936 522 2000 ταῖς
547 1917 764 2010 ὑπερβολαῖς,
799 1918 879 2002 τούς
911 1921 1015 2001 θεοδς
1041 1921 1080 1990 δὲ
1105 1920 1188 2007 τόγε

220 2025 275 2092 ἐπὶ
290 2029 406 2110 σφίσιν
421 2025 454 2102 ές
467 2021 685 2108 ταπεινότητα
699 2015 742 2088 ου’
757 2020 954 2108 πρέπουσαν
962 2020 1188 2108 καταβάλλειν

218 2122 259 2192 τά
278 2133 335 2191 ἰσα
352 2119 546 2210 ἀνθρώποις
562 2127 736 2208 τιμώυτας.
780 2116 908 2191 οάκονν
931 2117 1014 2192 οὐδὲ
1028 2117 1188 2204 Ἀλέξαν-

220 2229 304 2312 δρον
322 2221 527 2310 ἀνασχέσθαι
546 2220 601 2308 άν,
617 2230 662 2292 ἐί
679 2228 747 2290 τών
767 2225 910 2292 ἰδιωτῶν
933 2251 981 2304 τις
1005 2230 1188 2294 εἰσποιοῖτο
1202 2252 1227 2292 εο

219 2339 292 2405 ταῖς
305 2331 495 2410 βασιλικαῖς
513 2337 623 2410 τιμαῖς
640 2328 825 2413 χειροτονίᾳ
842 2319 864 2408 ἢ
883 2323 986 2416 ψήφῳ
1000 2319 1042 2394 οά
1061 2329 1187 2415 δικαίᾳ.

186 2425 307 2497 οπολό
336 2422 378 2494 ἀν
402 2416 467 2494 οάυ
493 2422 699 2512 δικαιότερον
716 2422 796 2503 τούς
821 2423 926 2503 θεούς
951 2430 1189 2515 δυσχεραίνειν

220 2525 292 2596 ὅσοι
312 2525 488 2614 άνθρωποι
506 2527 539 2605 ές
563 2524 623 2603 τὰς
640 2530 737 2604 θειάς
754 2523 848 2612 τιμάς
866 2529 955 2613 σφάς
978 2531 1189 2596 εἰσποιοῦσιν

220 2625 241 2716 ἢ
255 2626 339 2717 πρός
353 2633 422 2696 τῶν
439 2625 551 2696 ἀλλων
565 2625 811 2714 εἰσποιούμενοι
825 2622 1010 2713 ἀνέχονται.
1030 2625 1188 2707 Ἀλέξαν-

221 2735 304 2818 δρον
337 2729 376 2799 δὲ
410 2725 526 2816 πόρρω
551 2731 613 2796 τοῦ
643 2728 762 2796 ίκανοῦ
790 2723 928 2814 ἀνδρῶν
952 2727 1095 2814 ἀγαθῶν
1127 2727 1188 2798 τόν
1202 2756 1227 2798 ιι

220 2829 356 2922 άριστον
388 2828 480 2899 εἷναί
508 2856 544 2898 τε
575 2829 632 2896 καὶ
667 2833 798 2916 δοκεῖν,
837 2829 895 2896 καὶ
929 2829 1094 2914 βασιλέων
1125 2829 1188 2906 τὸν

220 2931 483 3021 βασιλικώτατον
517 2930 574 2999 καὶ
611 2931 807 3019 στρατηγῶν
837 2927 897 2998 τόν
930 2925 1188 3019 ἀξιοστρατηγό-

150 3045 160 3060 “
188 3048 330 3104 ῖτατον.
382 3033 440 3102 καὶ
467 3032 523 3117 σε’,
557 3040 650 3118 εἰπερ
682 3028 758 3100 τινά
791 3028 913 3117 ἀλλον,
941 3023 968 3100 ώ
997 3026 1187 3119 Ἀνάξαρχε,

221 3131 400 3222 εἰσηγητήν
424 3158 460 3200 τε
483 3130 613 3200 τούτων
632 3135 701 3200 τών
728 3129 854 3218 λόγων
873 3135 973 3221 ἐχρῆν
1010 3139 1188 3220 γίγνεσθαι

221 3235 277 3304 καὶ
303 3230 458 3319 κωλυτὴν
481 3236 549 3300 τών
570 3233 744 3320 ἐναντίων,
773 3233 828 3302 ἐπὶ
847 3241 951 3324 σοφία
972 3259 1008 3303 τε
1031 3235 1088 3303 καὶ
1108 3259 1183 3303 παι·
1201 3262 1227 3302 ιο

223 3333 337 3405 δεόσει
351 3329 561 3425 Ἀλεξάνδρῳ
579 3332 733 3414 ξυνόντα.
749 3333 888 3402 ὀὔκουν
902 3333 1018 3422 άρχειν
1031 3362 1071 3434 γε
1087 3339 1188 3405 τοῦδε

221 3441 282 3504 τοῦ
313 3433 417 3521 λόγον
450 3434 580 3523 πρέπον
611 3426 672 3520 ἦν,
705 3431 790 3502 ἀλλά
823 3440 1013 3521 μεμνῆσθαι
1044 3434 1111 3526 γάρ
1144 3432 1185 3504 οὗ
