2546 3920
431 145 615 198 ιαιεεαιε
642 149 667 212 ι,
688 150 727 199 ιε.
1002 146 1065 211 317

99 305 167 392 γάρ
194 302 310 383 αύτοίς
337 301 455 388 ὀλίγον
482 303 608 391 χρόνου
640 304 802 373 έκποδιόν.
855 306 913 373 καὶ
938 303 1100 392 ταύτηνε

99 403 161 492 την
177 402 353 490 ἐπιστολὴν
366 403 454 489 λέγει
463 402 716 492 Ἀριστόβουλος
730 413 933 492 κομίσασθαι
942 403 1065 475 Ἀπολ-

100 506 254 593 λόδωρον
279 506 339 594 μιᾷ
366 504 519 593 πρόσθεν
550 502 658 596 ἡμέρῳ
683 502 704 592 ἢ
730 509 925 592 τελευτῆσαι
946 503 1067 592 Ἡφαι-

102 612 239 676 στίωνα.
283 596 384 684 αὖθις
408 603 447 673 δὲ
463 605 614 675 θύεσθαι
630 605 691 674 τόν
711 607 928 694 Πειθαγόραν
947 607 1002 674 ἐπὶ
1018 611 1066 696 τῷ

69 735 88 774 5
99 705 309 798 Ἀλεξάνδρῳ
324 706 381 774 καὶ
399 707 558 792 γενέσθαι
574 707 631 777 καὶ
650 705 702 776 ἐπ’
718 705 927 799 Ἀλεξάνδρῳ
942 704 1066 794 άλοβον

101 807 138 876 τό
164 798 256 896 ἧπαρ
274 811 335 876 τού
356 811 495 894 ίερείου..
535 808 592 876 καὶ
610 809 828 894 Πειθαγόραν
845 806 885 876 τά
905 805 990 888 αύτά
1009 807 1067 874 καί
1153 889 1161 899 ὁ

101 906 191 996 ὑπὲρ
213 906 439 994 Ἀλεξάνδρου
462 907 589 996 γράψαι
612 906 863 998 Ἀπολλοδύρῳ.
903 905 1066 982 Ἀπολλό-

101 1013 213 1097 δωρον
230 1007 269 1077 δὲ
287 1005 328 1076 οό
352 1011 615 1095 κατασιωπῆσαι,
641 1007 728 1076 ἀλλά
755 1008 881 1096 φράσαι
897 1009 963 1096 γάρ
983 1006 1068 1097 πρός

98 1105 324 1197 Ἀλέξανδρον
346 1108 387 1177 τά
406 1110 644 1196 ἐπεσταλμένα,
673 1107 718 1189 τίς
736 1106 872 1178 εὔνοιαν
890 1109 1021 1196 μᾶλλόν
1036 1133 1069 1176 τι

53 1237 88 1275 ιο
103 1209 349 1296 ἐπιδειξόμενον
363 1213 410 1300 τῷ
420 1217 561 1297 βασιλεῖ,
579 1207 849 1296 είφυλάττεσθαι
859 1211 1068 1294 παραινέσειε

100 1309 220 1395 μήτις
247 1308 340 1400 αὐτῷ
368 1314 529 1389 κίνδυνος
556 1311 593 1378 ἐν
619 1315 667 1400 τῷ
693 1309 767 1378 τότε
786 1310 956 1397 ξυμπέσοι.
1010 1313 1103 1378 uam

97 1408 356 1499 Ἀπολλόδωρόν
372 1435 409 1480 τε
427 1411 515 1496 λέγει
542 1410 594 1479 ὅτι
609 1405 828 1497 Ἀλέξανδρος
849 1410 993 1499 ἐπῄνεσε
1010 1414 1068 1483 καὶ

100 1511 162 1579 τὸν
188 1511 417 1599 Πειθαγόραν,
446 1511 558 1598 ἐπειδὴ
586 1514 762 1600 παρῆλθεν
789 1519 838 1590 εἰς
865 1516 1067 1598 Βαβυλῶνα,

100 1608 199 1700 ἤρετο
216 1609 296 1681 ὅτου
314 1613 499 1698 γενομένου
518 1609 612 1702 αύτῷ
631 1618 768 1700 σημείου
782 1617 889 1680 ταῦτα
904 1613 1068 1682 ἐπέστειλε

57 1739 88 1780 ιε
101 1711 186 1800 πρός
212 1711 273 1780 τόν
299 1710 477 1799 ἀδελφόν·
498 1710 560 1781 τόν
577 1712 615 1781 δὲ
640 1718 749 1784 είτιεῑν
767 1710 817 1781 ὅτι
834 1711 961 1800 ἄλοβόν
979 1718 1015 1780 οί
1028 1710 1066 1782 τό

100 1805 192 1900 ἧπαρ
213 1814 343 1899 ἐγένετο
359 1819 422 1882 τοῦ
442 1817 582 1900 ίερείου·
618 1815 782 1900 ἐρομένου
801 1812 839 1881 δὲ
857 1810 920 1880 ὅτι
938 1827 1015 1880 νοοῖ
1029 1808 1067 1880 τό

102 1927 241 2002 σημείου
266 1913 352 2001 μέγα
369 1917 478 1982 εἰπεῖν
500 1911 586 1982 εἶναι
602 1913 758 1999 χαλεπόν.
795 1911 1013 1999 Ἀλέξανδρον
1031 1911 1069 1981 δέ

100 2013 266 2084 τοσούτου
293 2015 409 2100 δεῆσαι
435 2018 619 2100 χαλεπῆναι
644 2017 690 2105 τῷ
709 2012 919 2102 Πειθαγόρᾳ,
947 2011 993 2092 τός
1010 2015 1068 2082 καὶ

102 2113 148 2182 δι’
169 2116 356 2202 ἐπιμελείας
374 2120 463 2201 ἔχειν
480 2113 587 2183 αάτδν
603 2121 771 2199 πλείονος,
790 2112 840 2183 ’ότι
857 2112 988 2194 ἀδόλοις
1005 2112 1068 2198 τὴν

58 2244 87 2282 το
103 2209 265 2302 ἀλήθειάν
292 2220 328 2284 οί
358 2220 492 2304 ἔφρασε.
544 2221 653 2284 ταύτα
690 2212 793 2294 αότδς
817 2214 1103 2304 Ἀριστόβουλοςσ

102 2316 189 2402 λέγει
207 2315 297 2404 παρά
316 2317 534 2403 Πειθαγόρου
553 2317 740 2386 πυθέσθαι·
765 2317 823 2384 καὶ
836 2320 1011 2402 Περδίκκᾳ
1030 2313 1069 2382 δὲ

102 2415 357 2502 μαντεύσασθαι
390 2414 498 2484 αὐτὸν
530 2417 618 2502 λέγει
652 2418 709 2484 καὶ
740 2414 921 2505 Ἀντιγόνῳ
955 2413 1068 2505 χρόνῳ

102 2514 260 2603 ὕστερον·
296 2517 430 2584 καὶτοῦ
452 2516 558 2584 αὐτοῦ
577 2523 716 2603 σημείου
735 2515 865 2602 ἀμφοῖν
883 2516 1068 2603 γενομένου

104 2621 299 2704 Περδίκκαν
325 2641 361 2684 τε
388 2618 443 2686 ἐπὶ
471 2624 683 2703 Πτολεμαῖον
709 2616 955 2702 στρατεύσαντα
982 2615 1069 2684 ἀπο-

62 2743 90 2784 τι
104 2724 224 2785 θανεῖν
250 2717 307 2783 καὶ
330 2714 523 2801 Ἀντίγονον
550 2719 587 2784 ἐν
604 2719 645 2804 τῇ
665 2716 754 2803 μάχη
773 2722 815 2804 τῇ
835 2715 918 2803 πρός
938 2717 1067 2784 Σέλευ-

104 2842 166 2884 κον
191 2816 247 2884 καὶ
260 2823 460 2903 Λυσίμαχον
485 2818 526 2902 τῇ
555 2817 592 2884 ἐν
614 2812 694 2907 Ἰψῷ
712 2817 886 2904 γενομένη.
931 2817 988 2884 καὶ
1006 2815 1104 2902 μένε

106 2914 148 3003 δὴ
181 2917 238 2984 καὶ
268 2914 357 3004 ύπέρ
385 2915 545 2985 Καλάνου
581 2919 645 2984 τού
677 2921 839 3004 σοφιστοῦ
871 2921 933 2984 τοῦ
958 2911 1091 2984 'Imm'

103 3015 237 3085 τοῖόσδε
268 3042 316 3096 τις
350 3015 602 3104 ἀναγέγραπται
635 3017 754 3103 λόγος,
789 3014 890 3084 ὁπότε
926 3015 982 3084 ἐπὶ
1007 3014 1070 3104 την

104 3117 218 3206 πυράν
244 3115 296 3206 ᾔει
321 3115 618 3205 ἀποθανούμενος,
651 3117 725 3186 τότε
750 3117 829 3195 τούς
856 3114 919 3203 μὲν
945 3114 1070 3195 ἀλλους

63 3247 90 3286 ιο
106 3221 260 3306 ἑταίρους
277 3212 483 3301 ἀσπάζεσθαι
500 3213 619 3305 αύτόν,
633 3215 842 3308 Ἀλεξάνδρῳ
861 3215 899 3284 δὲ
917 3214 979 3316 ούκ
993 3219 1071 3286 ἐθε-

105 3322 202 3404 λῆσαι
219 3327 422 3408 προσελθεῖν
441 3315 691 3406 ἀσπασόμενον,
708 3316 794 3386 ἀλλά
814 3316 920 3405 φάναι
938 3315 1003 3404 γάρ
1022 3316 1072 3385 ὅτι

106 3423 143 3488 ἐν
160 3424 341 3509 Βαβυλῶνι
358 3417 450 3512 αὐτῷ
469 3419 620 3506 ἐντυχὼν
638 3417 831 3488 ἀσπάσεται.
872 3419 930 3486 καὶ
948 3421 1071 3486 τοῦτον
