2546 3920
121 159 129 172 ’
207 149 274 215 306
476 115 479 121 ’
564 145 819 236 mamm

210 306 249 377 δὲ
266 305 308 374 τά
323 333 359 376 τε
376 305 461 376 ἀλλα
479 301 595 394 ἀγαθά
613 307 670 376 καλ
687 305 850 395 ὁμόνοιάν
866 335 903 379 τε
919 310 977 380 καὶ
996 315 1186 386 κοινωνίαν

209 413 269 494 τῆς
296 405 401 496 ἀρχῆς
418 405 596 478 Μακεδόσι
620 408 676 476 καὶ
695 409 850 496 Πέρσαις.
890 408 976 480 εἶναι
993 409 1033 478 δὲ
1051 412 1186 496 κατέχει

211 509 313 595 λόγος
327 508 408 590 τούς
420 507 647 597 μετασχόντας
659 513 718 597 τῆς
726 515 848 596 θοίνης
859 513 892 591 ές
902 513 1185 598 ἐννακισχιλίους,

211 611 268 678 καὶ
284 609 428 689 τούτους
445 607 574 690 πάντας
590 615 673 698 μίαν
685 635 722 680 τε
735 612 887 700 σπονδὴν
901 626 1036 682 σπεῖσαι
1050 612 1110 680 καὶ
1126 609 1182 680 ἐπ’

211 709 300 799 αύτῇ
326 715 506 780 παιανίσαι.
1193 737 1206 777 ε,

162 815 204 880 12
281 809 391 881 Ἔνθα
422 811 465 898 δὴ
498 811 673 881 ἐθελονταὶ
703 809 769 900 ἤδη
802 809 895 904 αύτῷ
928 811 1087 902 ἀπῄεσαν
1113 817 1184 882 τῶν

213 912 428 984 Μακεδόνων
454 909 527 981 ὅσοι
550 910 605 980 διά
622 916 730 1002 γῆρας
747 910 769 998 ἥ
786 939 860 981 τινα
878 911 984 1002 ἀλλην
1001 912 1184 1002 ξυμφοράν

212 1011 373 1101 ἀπόλεμοι
389 1005 492 1100 ἦσαν·
531 1013 588 1081 καὶ
613 1003 709 1081 ούτοι
733 1010 826 1105 αύτῷ
853 1014 1008 1100 ἐγένοντο
1034 1016 1070 1094 ές
1096 1011 1183 1092 τούς

211 1120 365 1202 μυρίους.
416 1113 550 1194 τούτοις
583 1111 621 1182 δὲ
656 1112 718 1201 τήν
742 1140 779 1182 τε
804 1114 1021 1204 μισθοφοράν
1047 1111 1089 1183 ού
1120 1119 1184 1182 τού
1256 1161 1257 1186 ι

213 1213 388 1300 ἐξήκοντος
419 1213 484 1304 ἤδη
516 1213 640 1302 χρόνον
668 1219 793 1284 ἔδωκεν
816 1212 1033 1306 Ἀλέξανδρος
1060 1211 1216 1302 μόνον,ιι
1256 1221 1257 1254 ἢ

213 1313 299 1382 ἀλλά
326 1316 384 1383 καὶ
409 1320 472 1384 τού
499 1317 532 1394 ές
557 1313 620 1402 τὴν
637 1311 861 1402 ἀπονόστησιν
878 1315 941 1402 τὴν
959 1321 1076 1385 οίκαδε
1093 1317 1184 1402 ξυμ·

179 1421 401 1504 ἳβαίνοντος.
448 1415 595 1485 ἐπέδωκε
622 1416 660 1484 δὲ
685 1416 741 1484 καὶ
763 1415 927 1485 τάλαντον
946 1415 1075 1507 ἑκάστῳ
1091 1414 1184 1502 ὑπὲρ
1256 1411 1257 1470 Ῑ

214 1514 277 1602 τὴν
309 1515 539 1605 μισθοφοράν·
580 1522 698 1596 παῖδες
729 1515 768 1585 δὲ
799 1525 837 1584 εί
861 1543 908 1609 τφ
934 1508 1022 1605 ἦσαν
1048 1519 1085 1584 έκ
1113 1521 1185 1584 τῶν

213 1612 378 1702 Ἀσιανῶν
408 1621 591 1704 γυναικῶν,
622 1618 713 1705 παρά
741 1611 778 1686 ol
799 1624 996 1686 καταλιπεῖν
1023 1618 1184 1686 ἐκέλευσε

216 1715 301 1804 μηδὲ
319 1714 436 1784 στάσιν
453 1716 610 1802 κατάγειν
627 1719 661 1798 ές
674 1721 898 1788 Μακεδονίαν
915 1714 1133 1806 ἀλλοφύλους
1147 1744 1183 1802 τε
1194 1743 1214 1782 ιι
1256 1755 1257 1796 ς

214 1817 272 1885 καὶ
299 1818 335 1886 ἐκ
360 1823 430 1886 τάν
455 1815 637 1907 βαρβάρων
653 1819 826 1904 γυναικῶν
852 1821 976 1898 παῖδας
1000 1831 1071 1898 τοῖς
1092 1827 1192 1887 οἴκοι

213 1916 508 2007 ὑπολελειμμένοις
523 1925 622 1987 παισί
634 1918 735 1987 τεκαὶ
744 1915 906 2006 μητράσιν
920 1915 1046 1988 αὐτῶν·
1074 1915 1182 1998 αύτδς

214 2019 253 2089 δὲ
281 2021 538 2108 ἐπιμελήσεσθαι
562 2018 607 2098 τός
627 2019 838 2108 ἐκτρέφοιντο
857 2021 1112 2106 Μακεδονικοῖς,
1141 2019 1183 2088 τά

213 2147 250 2188 τε
267 2119 351 2188 ἅλλα
369 2123 426 2189 καὶ
446 2121 478 2200 ές
495 2119 537 2188 τά
555 2121 695 2208 πολέμια
712 2119 950 2208 κοσμούμενοι·
974 2121 1181 2208 γενομένους

215 2220 253 2288 δε
280 2217 407 2308 ἀνδρας
434 2219 524 2302 ἄξειν
551 2217 654 2300 αύτδς
681 2223 715 2300 ἐς
737 2225 957 2290 Μακεδονίαν
982 2221 1040 2288 καὶ
1066 2245 1215 2309 παρα-ιο

179 2319 338 2389 ὃδύσειν
369 2334 440 2400 τοῖς
466 2319 619 2406 πατράσι.
671 2320 778 2389 ταύτά
810 2347 846 2390 τε
876 2315 1183 2410 ἀπαλλαττομένοις

131 2427 134 2432 ’
214 2419 413 2507 ἀστάθμητα
446 2421 503 2488 καὶ
529 2417 719 2510 ἀτέκμαρτα
752 2419 979 2509 ἀπηγγέλλετο
1003 2421 1059 2490 καὶ
1086 2416 1182 2502 ὅπως

215 2527 281 2608 ἔχει
298 2527 411 2607 φιλίας
427 2547 463 2590 τε
479 2522 538 2590 καὶ
554 2521 666 2591 πόθον
690 2523 723 2602 ἐς
741 2519 867 2602 αύτούς
883 2520 921 2590 τὸ
939 2521 1183 2610 ἀτρεκέστατον

214 2621 391 2710 τεκμήριον
410 2624 517 2690 έκεῖνο
535 2631 703 2692 κυεῖσθαι
718 2619 827 2711 ἠξίου,
844 2619 895 2690 ὅτι
906 2617 968 2690 τόν
980 2621 1183 2692 πιστότατόν

214 2747 251 2792 τε
278 2721 371 2814 αύτῷ
397 2722 454 2791 καὶ
480 2720 595 2792 ὅντινα
622 2732 697 2792 ἴσον
722 2728 765 2812 τῇ
792 2725 915 2792 ἑαυτοῦ
937 2724 1065 2812 κεφαλῇ
1093 2719 1218 2811 άγει,ιε

216 2823 390 2912 Κράτερον
417 2827 603 2912 ξυμπέμπει
629 2817 747 2903 αὐτοῖς
773 2821 910 2910 φύλακά
934 2849 971 2891 τε
996 2825 1053 2891 καὶ
1070 2821 1181 2908 ἡγού-

215 2951 318 3013 μενον
336 2927 399 2993 τού
412 2923 546 2994 στόλον.
573 2922 663 2992 ούτω
676 2922 719 3010 δὴ
733 2921 970 3011 ἀσπασάμενος
983 2921 1181 3011 ξύμπαντας
1226 2950 1238 2994 ·.

215 3021 318 3104 αύτός
335 3051 370 3092 τε
396 3023 555 3112 δακρύων
580 3024 636 3092 καὶ
654 3023 865 3112 δακρύοντας
883 3026 1033 3104 ἐκείνους
1050 3017 1116 3092 ἀπό
1137 3015 1181 3092 οό

179 3123 394 3212 4ἀπήλλαξε.
422 3124 583 3216 Κρατέρῳ
610 3124 649 3193 δὲ
674 3123 815 3206 τούτους
841 3151 877 3194 τε
903 3122 996 3211 ἄγειν
1024 3124 1180 3193 έιιέλενσε

214 3226 271 3293 καλ
310 3223 518 3311 ἀπαγαγόντι
549 3231 764 3306 Μακεδονίας
796 3251 833 3294 τε
865 3227 924 3295 καὶ
956 3223 1090 3316 Θράκης
1121 3225 1176 3293 καλ
1190 3252 1214 3294 ιο

146 3323 148 3328 ’
217 3330 392 3395 Θετταλῶν
420 3326 608 3412 ἐξηγεῖσθαι
633 3327 689 3394 καὶ
715 3331 783 3394 τιδν
803 3323 971 3412 Ἑλλήνων
996 3331 1055 3412 τῆς
1081 3327 1177 3394 ἐλευ-

213 3431 349 3513 θερίας·
390 3423 610 3513 Ἀντίπατρον
636 3425 674 3492 δὲ
693 3425 873 3511 διαδόχους
890 3437 961 3505 τοῖς
978 3423 1177 3514 ἀποπεμπο-
