2620 3924
222 142 267 212 74
582 134 832 214 ΑκεΞεαΔΡου

191 283 367 366 ,τόπεδον
393 282 431 350 τό
450 288 601 369 Δαρείου
627 279 736 359 εὐθὺς
763 281 795 361 ἐξ
820 281 947 367 έφόδου
973 279 1060 348 ἑάλω
1083 277 1187 367 καὶὴ

221 385 330 472 μήτηρ
347 385 404 451 καὶ
422 382 442 470 ἡ
457 381 559 469 γυνή,
576 381 663 470 αότὴ
677 379 716 449 δέ
729 383 786 450 καὶ
800 379 931 467 άδελφὴ
946 387 1110 470 Δαρείου,
1128 383 1186 448 καί

222 485 299 564 υίὸς
318 491 469 572 Δαρείου
487 483 622 570 νήπιος·
666 483 724 550 καὶ
741 483 928 569 θυγατέρες
946 480 1010 550 δόο
1033 481 1186 550 ἑάλωσαν

223 587 280 653 καὶ
322 583 421 652 ἄλλαι
459 581 545 671 ἀμφ’
589 581 694 662 αὐτάς
730 585 875 671 Περσῶν
909 585 979 650 τῶν
1014 581 1186 669 ὁμοτίμων

222 699 382 770 γυναῖκες
402 683 449 756 ον’
471 691 604 753 πολλαί
650 689 686 752 ολ
700 683 766 772 γὰρ
784 681 880 752 άλλοι
898 685 1027 772 Πέρσαι
1043 682 1102 762 τάς
1120 710 1185 768 γυ·
1212 712 1224 752 ε

222 800 342 864 ναίκας
368 788 466 873 σφῶν
486 785 550 864 ξῦν
567 787 608 872 τῇ
628 781 714 872 άλλη
733 787 923 872 κατασκευῇ
944 786 978 863 ές
998 784 1186 871 Δαμασκόν

171 903 205 952 10
225 892 344 972 ἔτυχον
371 884 578 964 ἐσταλκότες·
616 887 688 954 ἐπεὶ
711 887 769 958 καὶ
787 895 933 973 Δαρεῖος
957 888 1026 952 τῶν
1049 911 1085 952 τε
1102 911 1185 974 χρη-

222 987 337 1073 μάτων
360 987 401 1054 τά
425 984 532 1055 πολλά
555 986 613 1054 καί
637 983 700 1054 ὅσα
723 983 809 1054 άλλα
832 985 968 1076 μεγάλῳ
994 993 1126 1072 βασιλεῖ
1151 988 1186 1064 ές

223 1089 389 1175 πολυτελῆ
407 1092 539 1156 δίαιταν
557 1087 615 1154 καὶ
633 1089 889 1176 στρατευομένῳ
903 1083 993 1173 ὅμως
1007 1087 1186 1154 συνέπεται

222 1187 390 1275 πεπόμφει
405 1190 438 1268 ές
457 1185 658 1274 Δαμασκόν,
677 1184 761 1255 ὥστε
780 1189 817 1255 ἐν
834 1188 882 1277 τῷ
899 1185 1124 1275 στρατεύματι
1141 1183 1184 1254 ου’
1199 1213 1223 1254 ιο
1240 1235 1242 1240 ·

222 1296 363 1358 πλείονα
386 1284 407 1375 ἢ
429 1295 594 1377 τρισχίλια
610 1287 759 1356 τάλαντα
772 1287 875 1356 ’ἑάλω
916 1285 1001 1356 άλλόι
1020 1289 1077 1354 καὶ
1090 1285 1132 1358 τά
1147 1289 1185 1354 ἐν

198 1443 203 1456 .
223 1393 396 1480 Δαμασκῷ
421 1389 574 1477 χρήματα
591 1386 710 1473 ὀλίγον
727 1385 871 1476 ὕστερον
892 1388 978 1456 έάλω
995 1385 1066 1455 άπὸ
1086 1397 1183 1476 Παρ-

221 1497 386 1575 μενίωνος
401 1487 453 1558 ἐπ’
474 1487 558 1556 αὐτὸ
577 1491 679 1556 τοῦτο
697 1489 886 1567 σταλέντος.
913 1491 1015 1557 τοῦτο
1033 1487 1071 1556 τό
1089 1489 1184 1567 τέλος

146 1677 149 1682 y
220 1593 262 1676 τῇ
293 1589 383 1677 μάχη
416 1591 527 1677 ἐκείνη
559 1589 690 1674 ἐγένετο
721 1590 777 1658 ἐπὶ
808 1587 970 1678 άρχοντος
992 1587 1185 1678 Ἀδηναίοις

222 1689 455 1778 Νικοκράτους
472 1689 577 1776 μηνὸς
596 1691 911 1778 Μαιμακτηριῶνος.
1197 1715 1223 1756 15

169 1802 211 1865 12
304 1795 352 1878 Τῇ
372 1789 411 1860 δέ
423 1789 607 1880 Ἰδστεραίηι,
637 1797 758 1879 καίπερ
774 1791 980 1880 τετρωμένος
997 1789 1057 1858 τόν
1068 1789 1184 1879 μηρόν

142 1941 146 1949 -
221 1891 311 1979 ξίφει
337 1889 573 1980 Ἀλέξανδρος,
604 1888 622 1958 ό
647 1890 686 1959 δέ
707 1889 789 1970 τούς
810 1899 1018 1980 τραυματίας
1045 1893 1183 1978 ἐπῆλθε,

173 2015 177 2022 ·
220 1993 277 2060 καὶ
303 1992 384 2071 τούς
402 1991 545 2080 νεκροδς
564 1991 766 2078 ξυναγαγών
791 1997 899 2072 ἔθαψε
921 1994 1182 2080 μεγαλοπρεπῶς

221 2090 288 2160 σόν
311 2094 353 2180 τῇ
379 2092 521 2178 δυνάμει
545 2092 637 2180 πόση
658 2094 880 2180 ἐκτεταγμένῃ
899 2093 1117 2181 λαμπρότατα
1136 2091 1182 2172 σός

219 2195 255 2272 ἐς
273 2191 435 2278 πόλεμον·
469 2192 527 2260 καί
545 2191 637 2283 λόγῳ
654 2218 690 2261 τε
708 2192 933 2280 ἐπεκόσμησεν
951 2191 1041 2273 ὅσοις
1058 2218 1090 2260 τι
1107 2198 1182 2262 δια·
1195 2221 1240 2261 ει.
1293 2273 1296 2276 Π

220 2291 344 2380 πρεπές
372 2299 472 2381 ἔργον
497 2294 534 2360 ἐν
555 2294 597 2380 τῇ
621 2292 710 2381 μάχη
734 2288 877 2380 ἢαάτὸς
894 2292 1046 2380 ξυνέγνω
1064 2301 1182 2382 είργα·

221 2393 345 2480 σμένον
370 2388 391 2478 ἢ
417 2391 503 2482 ἀκοῇ
530 2393 822 2480 συμφωνούμενον
847 2399 967 2481 ἔμαθε·
1014 2397 1072 2463 καί
1098 2420 1181 2484 χρη-

220 2494 335 2580 μάτων
361 2492 506 2562 ἐπιδόσει
529 2493 574 2573 οές
600 2493 761 2573 ἑκάστους
787 2493 853 2564 σόν
877 2497 920 2582 τῇ
940 2493 1018 2586 άξίηι
1038 2497 1179 2582 ἐτίμησε.

182 2595 277 2662 κκαλ
302 2601 466 2674 Κιλικίας,
483 2593 545 2682 μὲν
570 2592 782 2664 άποδεικνόει
805 2595 979 2684 σατράπην
1003 2595 1182 2684 Βάλακρον

220 2693 281 2762 τόν
296 2695 499 2784 Νικάνορος,
518 2697 578 2764 ἕνα
594 2698 664 2764 τῶν
682 2695 981 2783 σωματοφυλάκων
997 2700 1067 2764 τόν
1084 2703 1181 2784 βασι·
1194 2721 1221 2764 ει

220 2797 337 2863 λικιόν·
377 2793 455 2864 άντὶ
486 2794 524 2864 δέ
554 2795 680 2866 τοότου
714 2799 747 2876 ἐς
777 2797 860 2876 τούς
891 2797 1182 2883 σωματοφάλακας

217 2895 371 2974 κατέλεξε
394 2897 536 2983 Μένητα
558 2895 619 2964 τόν
642 2903 848 2966 Διονυσίου·
889 2895 965 2965 ἀντὶ
989 2896 1026 2965 δὲ
1051 2905 1182 2967 Πτολε·

216 3003 322 3081 μαίου
345 2999 407 3064 τοῦ
428 2997 601 3066 Σελεάκου
626 2999 688 3064 τοῦ
715 2995 951 3077 ἀποθανόντος
970 2999 1007 3066 ἐν
1024 2999 1067 3084 τῇ
1091 2997 1181 3085 μάχη

219 3098 507 3184 Πολυσπέρχοντα
536 3096 600 3164 τόν
626 3103 774 3184 Σιμμίου
803 3094 918 3186 άρχειν
948 3096 1099 3178 άπέδειξε
1123 3101 1182 3184 τῆς

220 3197 353 3262 ἐκείνου
383 3196 515 3277 τάξεως.
545 3197 629 3276 καὶ
662 3199 809 3266 Σολεῦσι
838 3198 880 3265 τά
909 3223 945 3266 τε
974 3197 1219 3286 πεντήκονταεο

217 3295 369 3362 τάλαντα
393 3292 413 3362 ἃ
433 3301 481 3365 ἐτι
500 3297 596 3364 ἐνδεᾶ
614 3286 656 3382 ἦν
676 3298 798 3366 ἐκτῶν
818 3299 1069 3386 ἐπιβληθέντων
1088 3306 1183 3386 σφίσι

219 3395 399 3486 χρημάτων
417 3394 521 3482 άυῆκε
538 3399 595 3466 καὶ
613 3396 694 3476 τούς
712 3395 860 3486 ὁμήρους
879 3397 1065 3469 άπέδωκεν.
