2620 3924
449 179 634 232 ιαΑΒιΣιΣ
652 185 676 246 2,
696 185 737 234 14.
1040 185 1083 248 79

117 326 351 407 παραγγείλας
374 317 435 404 τὴν
454 319 631 405 ἐπιστολὴν
648 323 769 390 δοῦναι
787 329 943 415 Δαρείῳ,
973 324 1081 393 αὑτὸν

116 417 156 486 δέ
185 419 232 505 μὴ
263 421 477 506 διαλέγεσθαι
506 418 595 510 ὑπὲρ
618 421 771 508 μηδενός.
815 421 899 508 ἡδὲ
925 427 1081 512 ἐπιστολὴ

112 517 339 607 Ἀλεξάνδρου
359 511 423 588 ὑδε
442 525 521 606 ἐχει.
553 527 600 590 Οί
610 520 764 609 ὑμέτεροι
777 523 938 611 πρόγονοι
957 525 1079 594 ἐλθόν-

115 643 171 698 τες
208 625 260 698 είς
289 625 510 690 Μακεδονίαν
548 623 605 689 καὶ
635 629 683 700 εἰς
712 622 774 707 τὴν
804 621 910 710 άλλην
937 623 1081 694 Ἐλλάδα

78 743 92 782 ⁵
117 723 230 798 κακῶς
250 722 411 807 ἐποίησαν
428 719 514 807 ἡμᾶς
533 720 635 790 οῦδὲν
652 725 919 811 προηδικημένοι·
956 726 1022 812 ἐμοῦ
1042 725 1080 794 δὲ

116 821 189 886 τῦν
223 819 393 906 Ἑλλήνων
428 820 564 908 ἡγεμών
594 825 815 902 κατασταθεὶς
845 827 903 893 καὶ
929 813 1076 914 ’τιμωρή-

118 929 244 988 σασθαι
266 920 472 1007 βουλόμενος
496 924 631 1011 Πέρσας
655 924 770 1010 διέβην
794 931 843 1003 είς
866 925 929 1010 τὴν
950 924 1079 1014 Ἀσίαν,

18 1101 20 1110 ‚
117 1017 346 1108 ὑπαρξάντων
358 1019 467 1108 ὑμῶν.
495 1024 552 1090 καὶ
566 1023 633 1112 γάρ
648 1031 842 1112 Περινθίοις
862 1027 1078 1113 ἐβοηθήσατε,
1096 1041 1114 1090 σ

118 1127 156 1188 οἳ
175 1119 238 1188 τόν
264 1121 346 1207 ἐμόν
370 1123 497 1210 πατέρα
514 1121 658 1207 ἠδίκουν
666 1176 676 1210 ,
706 1125 763 1191 καὶ
781 1131 830 1202 είς
851 1126 1006 1214 Θρηίκην,
1037 1117 1079 1212 ἧς

81 1246 106 1284 ω
117 1219 215 1306 ἡμεῖς
229 1218 385 1309 ἤρχομεν,
405 1221 552 1308 δύναμιν
572 1229 718 1310 ἐπεμψεν
735 1215 852 1309 Ὦχος.
883 1229 944 1294 τοῦ
959 1227 998 1294 δὲ
1011 1251 1076 1294 πα-

117 1321 197 1409 τρὸς
215 1320 450 1400 ἀποθανόντος
466 1321 536 1390 ὑπὸ
563 1327 633 1390 τῶν
661 1323 991 1412 ἐπιβουλευσάντων,
1018 1321 1079 1404 οῦς

117 1419 217 1508 ὑμεῖς
236 1420 448 1508 συνετάξατε,
467 1421 512 1501 ὑς
530 1422 628 1492 αὑτοὶ
648 1427 684 1492 ἐν
698 1439 772 1503 ταῖς
787 1427 976 1504 ἐπιστολαῖς
995 1425 1079 1514 πρὸς

118 1518 272 1602 ἅπαντας
310 1522 535 1610 ἐκομπάσατε,
572 1526 630 1592 καὶ
655 1522 784 1613 ’Ἄρσην
818 1523 1079 1605 Ιάποκτείναντός

119 1641 183 1690 σου
206 1622 288 1708 μετά
306 1622 469 1710 Βαγαίου,
499 1624 557 1691 καὶ
580 1623 643 1710 τὴν
668 1623 775 1712 άρχὴν
793 1626 1018 1712 κατασχόντος
1036 1625 1077 1694 οὑ

19 1799 20 1802 ¹
83 1727 258 1801 ιιδικαίως
282 1721 363 1791 οὐδὲ
387 1722 472 1790 κατά
497 1722 558 1792 τὸν
575 1729 719 1813 Περσῶν
743 1724 984 1813 νόμον,»όιλλά
1002 1725 1079 1795 άδι*

119 1825 262 1902 κοῦντος
276 1825 423 1910 Πέρσας,
441 1824 498 1891 καὶ
511 1822 601 1912 ὑπὲρ
621 1827 703 1911 ἐμοῦ
722 1824 806 1913 πρὸς
823 1825 1078 1914 τοὺςἝλληνας

119 1923 300 2012 γράμματα
323 1923 387 1991 οῦκ
410 1924 576 2010 ἐπιτήδεια
594 1926 804 2011 πέμποντος,
827 1922 918 2003 ὅπως
936 1925 1021 2014 πρός
1038 1952 1078 2012 με
1096 1942 1114 1990 ι

120 2029 306 2112 πολεμῶσι,
333 2025 391 2092 καὶ
414 2023 566 2112 χρήματα
583 2022 847 2104 ἀποστέλλοντος
867 2025 949 2113 πρὸς
968 2035 1077 2095 Λακε-

120 2121 317 2211 δαιμονίους
347 2125 405 2192 καὶ
434 2123 557 2204 α”λλους
586 2125 680 2204 τινάς
707 2127 777 2193 τῶν
804 2123 989 2214 Ἑλλήνων,
1021 2128 1079 2194 καὶ

83 2251 108 2290 εο
120 2226 188 2292 τῶν
207 2223 270 2311 μὲν
287 2223 400 2293 ἄλλων
418 2224 549 2293 πόλεων
569 2225 727 2312 ούδεμιῦς
745 2227 944 2314 δεχομένης,
967 2235 1079 2296 Λακε*

121 2330 305 2412 δαιμονίων
328 2325 365 2393 δὲ
388 2324 582 2412 λαβόντων,
609 2327 756 2394 καὶτῶν
773 2326 864 2414 παρά
884 2329 947 2394 σοῦ
966 2351 1078 2414 πεμφ-

119 2427 253 2494 θέντων
276 2425 357 2505 τοῦς
382 2426 484 2513 ἐμούς
508 2433 631 2513 φίλους
654 2425 924 2514 διαφθειράντων
941 2429 999 2494 καὶ
1017 2427 1079 2511 τὴν

121 2525 258 2614 εἰρήνην
281 2521 324 2612 ἣν
346 2534 419 2605 τοῖς
432 2523 569 2613 Ἕλλησι
589 2526 817 2594 κατεσκεύασα
835 2525 986 2594 διαλύειν
1006 2529 1078 2594 ἐπι·
1162 2582 1167 2589 .

121 2625 325 2714 χωρούντων
350 2625 553 2714 ἐστράτευσα
580 2627 634 2694 ἐπὶ
653 2625 690 2694 σὲ
707 2625 921 2714 ὑπάρξαντος
939 2631 1001 2695 σοῦ
1020 2628 1078 2713 τῆς

86 2751 109 2793 ει
123 2733 254 2815 ἔχθρας.
284 2727 395 2814 ἐπειδὴ
413 2726 451 2796 δὲ
467 2726 557 2814 μάχη
571 2733 731 2814 νενίκηκα
744 2725 908 2816 πρότερον
921 2726 984 2813 μέν
997 2727 1077 2804 τοῦς
1095 2741 1112 2790 7

122 2827 204 2906 σοὺς
227 2827 435 2914 στρατηγούς
462 2826 520 2894 καὶ
554 2824 747 2912 σατράπας,
780 2825 847 2891 νῦν
881 2821 921 2889 δὲ
955 2821 992 2890 σὲ
1020 2828 1077 2893 καὶ

122 2927 182 3012 τὴν
204 2926 287 3014 μετὰ
311 2929 374 2996 σοῦ
398 2927 563 3014 δύναμιν,
592 2927 650 2994 καὶ
672 2925 735 3012 τὴν
758 2925 872 3014 χάραν
897 2931 980 3011 ἐχω,
1008 2928 1078 2992 των

122 3028 212 3096 θεῶν
224 3053 281 3115 μοι
293 3027 436 3115 δόντων,
454 3023 525 3094 ὅσοι
537 3027 605 3095 τῶν
618 3026 699 3113 μετά
714 3029 777 3094 σοῦ
792 3025 1077 3114 παραταξαμένων

123 3127 166 3215 μὴ
186 3130 222 3196 ἐν
240 3131 281 3216 τῇ
300 3128 390 3218 μάχη
405 3126 592 3214 άπέδανον,
610 3126 694 3195 άλλδ
710 3124 783 3215 παρ’
801 3125 857 3213 ἐμὲ
870 3127 1077 3214 κατέφυγον,

89 3251 113 3294 ει
124 3228 252 3297 τούτων
271 3231 464 3315 ἐπιμέλομαι
480 3229 538 3296 καὶ
556 3227 620 3296 οὑκ
637 3225 774 3306 άκοντες
792 3225 866 3316 παρ’
888 3229 964 3315 ἐμοί
979 3233 1077 3314 εἰσιν,

125 3327 208 3397 ἀλλὰ
230 3327 330 3397 αὐτοὶ
355 3329 487 3408 ἑκόντες
505 3327 784 3417 ξυστρατεύονται
806 3325 871 3415 μετ’
893 3331 984 3414 ἐμοῦ.
1029 3325 1111 3405 ω’ςε

126 3419 186 3496 οῦν
204 3432 286 3517 ἐμοῦ
305 3433 362 3518 της
383 3429 495 3508 Ἀσίας
513 3427 645 3516 ὑπάσης
662 3434 785 3516 κυρίου
804 3426 900 3507 ὄντος
917 3417 976 3515 ἧκε
993 3425 1076 3516 πρὸς

1097 3617 1130 3651 ἱ
