2572 3920
96 124 125 170 0

205 156 250 222 44
559 152 813 214 εεεΞευΔεου

206 303 248 386 τῇ
266 301 440 387 πολιορκίᾳ
453 295 510 364 καὶ
523 301 585 364 τοῦ
598 303 729 384 τείχους
742 292 779 364 τό
793 293 856 382 μέν
868 319 898 362 τι
911 290 1174 373 καταπεπτωκὸς

205 397 270 486 ἥδη
284 397 439 487 ὁρῶντες,
457 395 494 466 τό
515 395 553 465 δὲ
570 397 626 464 καὶ
644 395 951 482 κατασεσεισμένον,
970 392 1117 474 πολλοὺς
1132 393 1173 462 δέ

205 505 275 568 τῶν
289 502 498 586 στρατιωτῶν
513 499 550 566 έν
562 511 635 576 ταῖς
649 498 827 586 ἐκδρομαῖς
839 493 918 574 τοῶς
931 493 994 582 μὲν
1007 499 1172 584 διεφθαρ·

172 600 347 687 ῖμένους,
373 597 453 678 τοδς
476 598 515 666 δέ
533 598 590 682 καὶ
607 595 676 666 δπδ
694 602 755 666 τοῦ
772 600 960 683 τετρῶσθαι
976 591 1172 684 ἀπομάχους

205 699 316 786 ὄντας,
334 703 439 768 ταῦτα
454 700 491 768 ἐν
504 702 554 790 νῷ
568 696 727 784 λαβόντες
741 695 825 785 άμφλ
838 696 1000 784 δευτέραν
1013 694 1171 784 φυλακήν
1198 719 1214 760 ε

205 805 263 886 τής
276 798 398 880 νυκτός
411 798 473 868 τόν
485 825 521 868 τε
538 797 674 878 ξάλινον
692 797 823 887 πύργον
842 793 883 866 δν
901 791 1000 866 αὐτοὶ
1018 794 1171 889 άντφκο-

206 900 356 988 δόμησαν
369 913 441 979 ταῖς
457 913 622 986 μηχαναῖς
638 903 708 967 τῶν
725 903 894 986 πολεμίων
913 900 1094 986 ἐμπιπρᾶσι
1112 897 1171 964 καὶ

205 1000 265 1080 τοὶς
284 999 381 1079 στοάς
400 1002 437 1068 ἐν
454 994 508 1078 αἷς
525 997 566 1067 τά
584 1000 666 1086 βέλη
684 997 800 1078 αὐτοῖς
817 997 980 1068 άπέκειτο.
1010 999 1169 1083 ἐνέβαλον

171 1113 188 1160 3
207 1101 245 1169 δὲ
269 1101 325 1168 καὶ
347 1114 421 1180 ταῖς
445 1105 567 1180 οἰκίαις
591 1106 662 1190 πῦρ
685 1113 758 1180 ταῖς
781 1105 926 1186 πλησίον
942 1103 1004 1180 τοῦ
1021 1104 1168 1186 τείχους·

206 1207 274 1270 τῶν
288 1200 396 1270 δὲκαὶ
413 1199 608 1289 προσήψατο
625 1199 646 1288 ἡ
665 1199 748 1289 φλὸξ
767 1195 834 1268 άπό
849 1227 887 1268 τε
903 1205 972 1270 τῶν
987 1205 1095 1272 στοῶν
1113 1198 1170 1266 καὶ
1185 1226 1212 1266 ιο

209 1308 270 1372 τοῦ
285 1301 418 1390 πόργον
433 1299 539 1388 πολλή
555 1301 772 1389 έπενεχθεῖσα
785 1307 844 1369 καί
854 1328 885 1368 τι
899 1301 1029 1370 καὶτοῦ
1043 1295 1170 1388 άνέμου

205 1402 312 1492 ταότη
338 1401 568 1490 ἐπιφέροντος·
609 1397 722 1472 αὐτῶν
745 1401 783 1470 δὲ
800 1405 836 1470 οί
850 1400 912 1488 μὲν
931 1403 964 1486 ἐς
981 1399 1045 1487 τήν
1063 1399 1171 1489 ἄκραν

206 1502 268 1590 τήν
283 1505 319 1570 ἐν
331 1507 374 1590 τῇ
387 1501 481 1594 νήσω
495 1500 728 1590 άπεχῶρησαν,
747 1505 782 1570 ολ
793 1500 832 1571 δὲ
847 1503 880 1580 ές
893 1500 956 1588 τήν
970 1505 1171 1589 Σαλμακίδα

171 1600 296 1672 4οὕτω
330 1603 552 1691 καλουμένην.
598 1600 806 1694 Ἀλεξάνδρῳ
838 1601 877 1670 δέ
902 1595 954 1682 Ιῶς
985 1602 1170 1688 ἐξηγγέλθη

205 1708 311 1772 ταῦτα
329 1703 414 1793 πρός
431 1730 532 1773 τινων
549 1701 849 1792 αὐτομολησάντων
868 1705 904 1771 ἐκ
921 1707 983 1772 τοῶ
999 1709 1098 1792 έργου
1113 1701 1170 1770 καλ
1183 1730 1210 1772 ιι

206 1803 244 1872 τό
259 1809 330 1893 πῦρ
342 1803 435 1882 Ιπολδ
456 1803 613 1894 καθεώρα
631 1801 745 1891 αότός,
762 1810 871 1874 καίτοι
886 1799 976 1891 άμφί
986 1828 1056 1874 που.
1065 1804 1169 1891 μέσας

136 1993 138 1996 ¹
207 1904 329 1986 νύκτας
346 1897 390 1992 ήυ
406 1903 445 1974 τό
458 1904 670 1994 γιγνόμενον,
689 1902 760 1974 ὁδὲ
773 1907 830 1974 καὶ
844 1902 889 1985 ῶς
904 1902 1077 1991 ἐξαγαγῶν
1089 1901 1170 1982 τοδς
1277 1987 1278 1990 ¹

207 2004 410 2086 Μακεδόνας
440 2004 519 2086 τούς
547 2005 611 2094 μὲν
642 2011 690 2076 ἔτι
720 2005 945 2095 ἐμπιπράντας
975 2003 1038 2092 τήν
1070 2002 1170 2072 πόλιν

207 2111 366 2174 ἔκτεινεν·
407 2102 481 2174 ὅσοι
504 2105 542 2174 δὲ
567 2107 696 2186 ἐντοῖς
720 2112 840 2186 οἰκίαις
863 2101 1170 2193 καταλαμβάνοιντο

205 2211 275 2274 τῶν
285 2203 585 2293 Ἁλικαρνασσέων,
598 2204 740 2285 τούτους
755 2205 793 2274 δέ
808 2204 922 2288 σῶζειν
935 2205 1168 2296 παρήγγειλεν.
1181 2233 1209 2275 ιο

173 2319 191 2367 5
274 2305 362 2392 Ἤδη
380 2331 416 2374 τε
434 2308 496 2386 ἕως
513 2303 681 2392 ὑπέφαινε
698 2305 755 2374 καὶ
772 2304 918 2376 κατιδῶν
934 2305 994 2386 τάς
1012 2304 1115 2396 άκρας
1129 2301 1169 2385 δὶς

207 2411 242 2476 οῖ’
252 2433 287 2474 τε
301 2407 430 2494 Πέρσαι
441 2406 497 2474 καὶ
511 2409 546 2474 οί
556 2403 760 2496 μισθοφόροι
775 2405 1027 2494 κατειλήφεσαν,
1044 2405 1168 2486 ταότας

206 2506 269 2592 μὲν
279 2505 415 2593 άπέγνω
424 2515 627 2596 πολιορκεῖν,
641 2507 759 2596 τριβήν
767 2532 802 2576 τε
817 2509 959 2576 ἐπινοῶν
973 2505 1036 2576 οὐκ
1050 2502 1169 2594 ὀλίγην

209 2613 349 2676 ἔσεσθαί
364 2612 400 2676 οί
415 2603 500 2695 ἀμφ’
520 2603 626 2688 αὐτάς
643 2613 686 2697 τῇ
703 2607 803 2696 φύσει
818 2613 887 2677 τῶν
904 2615 1039 2696 χωρίων
1056 2607 1113 2676 καὶ
1126 2603 1167 2676 οὐ

206 2705 297 2794 παρὰ
321 2709 406 2796 μέγα
430 2705 516 2777 εἶναι
539 2707 684 2790 ἐξελόντι
708 2711 744 2777 οί
763 2708 825 2796 τήν
848 2707 946 2779 πόλιν
963 2707 1029 2796 ήδη
1046 2713 1207 2778 πάσαντο

173 2806 320 2890 ῖθάφας
350 2807 388 2878 δέ
414 2807 494 2890 τούς
519 2807 754 2890 ἀποθανόντας
779 2811 816 2878 ἐν
838 2815 881 2899 τῇ
905 2810 1002 2878 νυκτλ
1025 2808 1083 2890 τὰς
1107 2808 1169 2898 μ’ἐν
1277 2829 1278 2892 j

206 2907 358 2996 μηχανάς
383 2911 415 2989 ές
440 2909 598 2997 Τράλλεις
622 2904 811 2996 άπαγαγεῖν
835 2903 988 2979 ἐκέλευσε
1014 2909 1095 2990 τούς
1115 2906 1167 2980 ἐπ’

207 3007 324 3094 αὐταῖς
345 3011 579 3098 τεταγμένους·
606 3008 707 3090 αὐτὸς
725 3010 764 3080 δὲ
781 3008 843 3098 τήν
862 3011 962 3080 πόλιν
981 3016 1028 3091 είς
1047 3015 1170 3099 ἔδαφος

205 3108 421 3192 κατασκάψας
439 3108 542 3196 αότής
560 3135 597 3178 τε
614 3109 736 3198 ταύτης
759 3111 816 3179 καὶ
837 3117 894 3199 τής
917 3110 1022 3200 άλλης
1040 3119 1169 3201 Καρίας

207 3209 363 3296 φυλακήν
377 3207 607 3295 έγκαταλιπῶν
619 3210 736 3292 ξένους
748 3211 812 3299 μὲν
825 3211 942 3295 κεζοῶς
955 3220 1167 3300 τρισχιλίους,
1181 3239 1205 3280 ιο
1277 3193 1278 3228 ἐ

209 3311 328 3390 ίππέας
359 3309 397 3378 δέ
429 3313 462 3390 ἐς
488 3315 680 3392 διακοσίους
704 3314 761 3380 καὶ
786 3321 997 3400 Πτολεμαῖον
1020 3311 1169 3402 ἡγεμόνα

174 3423 189 3472 ῖ
208 3409 321 3479 ου’τῶν
341 3411 396 3478 ἐπὶ
416 3417 567 3502 Φρυγίας
586 3414 765 3484 ἐστέλλετο.
805 3415 864 3500 τῆς
882 3412 920 3481 δέ
938 3421 1067 3506 Καρίας
1085 3416 1168 3502 ξυμ-
