2632 3922
479 163 664 216 mmm
682 169 707 229 ε,
724 165 766 216 ιε.
1041 163 1104 228 237

138 327 201 393 τού
228 321 344 410 πρόσω
373 321 475 393 ίέναι·
509 326 547 392 οἱ
562 320 758 401 Μακεδόνες
776 320 815 390 δέ
841 322 1021 408 ἐξέκαμνον
1038 319 1105 412 ἤδη

138 439 212 504 ταῖς
238 422 400 512 γνώμαις,
425 423 554 504 πόνους
580 449 616 491 τε
643 425 680 490 ἐκ
706 422 823 490 πόνων
847 424 904 490 καὶ
922 422 1105 503 κινδύνους
1238 415 1243 424 ’

140 528 177 594 ἐκ
202 522 373 593 κινδύνων
400 521 688 613 ἐπαναιρούμενον
714 519 857 612 ὁρῶντες
874 524 934 591 τὸν
951 524 1103 611 βασιλέα·

119 626 300 712 ,ξύλλογοί
323 651 359 694 τε
386 626 562 712 ἐγίγνοντο
597 623 680 694 κατὰ
713 623 751 692 τό
787 622 1013 714 στρατόπεδον
1036 626 1106 692 τών

112 727 202 814 ὁμὲν
236 726 277 794 τά
309 726 455 815 σφέτερα
486 720 726 814 όδυρομένων,
760 721 835 794 ὅσοι
862 725 1105 812 ἐπιεικέστατοι,

139 829 210 896 τών
229 826 267 896 δέ
285 825 349 895 ούκ
366 824 623 914 ἀκολουθήσειν,
642 823 717 893 οὐδ’
738 821 781 911 ἣν
798 821 865 914 άγῃ
876 824 1104 913 Ἀλέξανδρος,

41 941 44 948 ’
140 927 457 1016 ἀπισχυριζομένων.
500 931 607 996 ταῦτα
634 923 686 1005 ώς.
707 926 853 994 ἐπύθετο
877 920 1106 1014 Ἀλέξανδρος,

142 1029 223 1118 πρὶν
257 1031 315 1098 καὶ
349 1028 404 1097 ἐπὶ
429 1035 542 1116 μεῖζον
568 1035 749 1114 προελθεῖν
774 1025 835 1113 τὴν
860 1025 1010 1114 ταραχὴν
1034 1041 1106 1106 τοῖς

142 1128 355 1218 στρατιώταις
390 1129 448 1198 καὶ
482 1128 545 1214 τὴν
582 1123 749 1214 ἀθυμίαν,
783 1128 989 1214 ξυγκαλέσας
1024 1125 1105 1207 τούς

102 1255 129 1296 ιο
143 1227 308 1319 ἡγεμόνας
333 1233 404 1299 τών
429 1228 556 1311 τάξεων
583 1229 693 1308 ἔλεξεν
720 1220 793 1296 ώδε.
876 1277 878 1280 -

214 1325 328 1418 Ὀρών
350 1324 453 1418 ύμόις,
482 1321 647 1413 ώάνδρες
667 1327 865 1408 Μακεδόνες
882 1355 919 1398 τε
936 1327 992 1397 καὶ
1019 1327 1141 1417 ξύμ-3

141 1459 250 1521 μαχοι,
277 1429 341 1518 ούχ
367 1428 468 1522 ὁμοίᾳ
496 1437 544 1500 ἔτι
568 1433 610 1519 τῇ
636 1430 755 1519 γνώμη
784 1431 966 1518 ἑπομένους
992 1455 1047 1517 μοι
1073 1432 1107 1510 ἐς

141 1533 221 1612 τούς
239 1531 432 1619 κινδύνους,
460 1530 713 1619 ξυνήγαγον-ἐς
738 1527 854 1617 ταύτό,
883 1525 966 1616 ώςῆ
989 1536 1107 1611 πείσας

143 1632 236 1720 ἀγειν
262 1637 323 1702 τού
351 1633 468 1721 πρόσω
492 1628 680 1719 ἢπεισθεὶς
698 1630 807 1701 ὀπίσω
825 1629 1104 1719 ἀποστρέφεσθαι.

102 1757 129 1798 ιε
143 1741 176 1803 εί
199 1733 262 1822 μέν
288 1734 330 1819 δὴ
347 1740 495 1822 μεμπτοί
509 1739 595 1803 εἰσιν
612 1730 697 1819 ύμίν
714 1736 749 1800 οί
764 1733 861 1821 μέχρι
879 1735 981 1819 δεῦρο
999 1757 1106 1820 πονη-

142 1835 260 1914 θέντες
278 1833 377 1903 πόνοι
401 1834 459 1902 καὶ
486 1831 588 1913 αύτός
617 1833 682 1918 ἐγώ
708 1826 907 1919 ἡγούμενος,
938 1830 1042 1902 ούδέν
1060 1838 1108 1901 ἐτι

143 1933 316 2024 προύργου
344 1935 454 2022 λέγειν
479 1940 539 2022 μοί
564 1935 662 2002 ἐστιν.
707 1939 740 2004 εί
765 1932 803 2001 δὲ
826 1931 936 2002 Ἰωνία
961 1959 997 2002 τε
1023 1932 1142 2020 πρόςι

142 2034 241 2124 ύμών
267 2035 324 2105 διά
350 2033 473 2104 τούσδε
499 2032 581 2114 τούς
607 2032 734 2113 πόνους
762 2039 870 2120 ἔχεται
894 2032 951 2101 καὶ
967 2031 1107 2121 Ἑλλήσ·

144 2163 264 2218 ποντος
291 2137 348 2205 καὶ
363 2136 497 2226 Φρύγες
523 2133 708 2224 ἀμφότεροι
732 2135 790 2202 καὶ
808 2132 1032 2215 Καππαδόκες
1049 2135 1106 2203 καὶ

104 2236 370 2326 εοΠαφλαγόνες
396 2237 452 2306 καί
477 2238 590 2306 Λυδοὶ
616 2237 673 2304 καὶ
692 2239 803 2325 Κᾶρες
829 2237 885 2304 καὶ
904 2234 1025 2308 Λύκιοι
1049 2237 1107 2304 καὶ

144 2343 332 2427 Παμφυλία
359 2337 398 2406 δὲ
432 2337 489 2406 καί
517 2342 658 2422 Φοινίκη
684 2338 741 2405 καὶ
767 2345 944 2422 Αἴγυπτος
976 2336 1038 2418 ξύν
1064 2341 1108 2425 τῇ

145 2439 254 2528 Λιβύη
272 2444 314 2530 τῇ
327 2436 504 2526 Ἑλληνικῇ
522 2439 580 2506 καὶ
594 2434 751 2527 Ἀραβίας
771 2442 861 2506 ἔστιν
878 2434 900 2506 ἃ
917 2437 975 2506 καὶ
994 2443 1108 2525 Συρία

145 2539 165 2626 ὅη
189 2566 225 2609 τε
248 2546 345 2628 κοίλη
363 2541 421 2608 καὶ
438 2536 459 2626 ἡ
478 2540 562 2626 μέση
579 2543 647 2607 τών
666 2543 837 2626 ποταμῶν,
864 2540 920 2607 καί
938 2536 1107 2625 Βαβυλών
1125 2547 1142 2596 5

147 2639 184 2708 δέ
211 2645 317 2727 ἔχεται
348 2640 406 2707 καὶ
432 2638 470 2707 τὸ
498 2643 657 2708 Σουσίων
683 2644 786 2718 ἐδνος
812 2641 869 2707 καὶ
897 2641 1035 2727 Πέρσαι,
1050 2641 1107 2708 καὶ

106 2767 132 2808 τε
152 2743 261 2826 Μῆδοι
286 2741 344 2808 καὶ
370 2738 462 2808 ὅσων
488 2739 617 2826 Πέρσαι
641 2739 699 2806 καὶ
725 2741 828 2825 Μῆδο
866 2741 1023 2828 ἐπῆρχον,
1051 2742 1108 2809 καὶ

10 2864 15 2872 ’
146 2840 237 2910 ὅσων
264 2839 303 2910 δέ
329 2838 392 2908 ούκ
417 2831 535 2927 ἦρχον,
559 2836 600 2907 τὰ
616 2835 704 2926 ύπὲρ
730 2837 789 2917 τάς
806 2767 961 2918 ὅασπίας
987 2839 1108 2927 πύλας,
1158 2913 1161 2918 ,

145 2943 185 3010 τόι
212 2937 265 3010 ἐπ’
296 2943 407 3009 έκείνα
424 2944 486 3008 τού
506 2937 702 3024 Καυκάσου,
730 2937 748 3007 ό
772 2938 908 3026 Τάναϊς,
934 2938 975 3007 τά
993 2939 1108 3026 πρόσω

146 3049 193 3112 ἔτι
210 3043 271 3110 τοῦ
298 3039 476 3128 Τανάϊδος,
494 3046 710 3127 Βακτριανοί,
724 3033 900 3129 Ὑρκάνιοι,
918 3033 1109 3127 ἡθάλασσα

144 3137 355 3232 ἡὙρκανία,
388 3140 530 3222 Σκύθας
557 3167 593 3210 τε
618 3139 856 3227 ἀνεστείλαμεν
884 3146 956 3210 ἔστε
975 3143 1030 3211 ἐπὶ
1047 3141 1109 3228 τὴν

107 3251 283 3333 εοέρημον,
315 3243 370 3311 ἐπὶ
399 3241 528 3322 τούτοις
560 3242 674 3330 μέντοι
705 3244 763 3311 καὶ
789 3241 807 3311 ὁ
831 3239 934 3322 Ἰνδός
961 3243 1108 3331 ποταμός
1234 3275 1238 3282 ·

146 3347 200 3413 διὰ
219 3347 278 3431 τῆς
296 3343 457 3432 ἡμετέρας
476 3346 540 3429 ῥεῖ,
568 3342 767 3430 δ’Ῥδάστιης
786 3344 840 3411 διά
858 3349 917 3431 τῆς
934 3341 1107 3432 ἡμετέρας,

7 3539 8 3546 ¹
104 3459 112 3464 '
146 3442 357 3534 όἉκεσίνης,
375 3444 394 3512 ό
410 3443 607 3534 Ὑδραώτης,
625 3449 661 3512 τί
676 3442 806 3514 ὀκνεῖτε
822 3445 878 3512 καλ
895 3443 956 3514 τὸν
967 3444 1107 3532 Ὕφασιν
