<?xml version="1.0" encoding="UTF-8"?>
<!DOCTYPE html PUBLIC "-//W3C//DTD XHTML 1.0 Transitional//EN"
    "http://www.w3.org/TR/xhtml1/DTD/xhtml1-transitional.dtd">
<html xmlns="http://www.w3.org/1999/xhtml" xml:lang="en" lang="en">
 <head>
  <title>
</title>
<meta http-equiv="Content-Type" content="text/html;charset=utf-8" />
  <meta name='ocr-system' content='tesseract 3.04.00' />
  <meta name='ocr-capabilities' content='ocr_page ocr_carea ocr_par ocr_line ocrx_word'/>
</head>
<body>
  <div class='ocr_page' id='page_1' title='image "./arrianianabasis01arrigoog_0072.png"; bbox 0 0 2572 3920; ppageno 0'>
   <div class='ocr_carea' id='block_1_1' title="bbox 425 189 1051 258">
    <p class='ocr_par' dir='ltr' id='par_1_1' title="bbox 425 189 1051 258">
     <span class='ocr_line' id='line_1_1' title="bbox 425 189 1051 258; baseline 0 -14"><span class='ocrx_word' id='word_1_1' title='bbox 425 191 608 244; x_wconf 71' lang='grc' dir='ltr'><strong><em>εαιεενιε</em></strong></span> <span class='ocrx_word' id='word_1_2' title='bbox 628 194 652 256; x_wconf 87' lang='lat'><strong><em>1,</em></strong></span> <span class='ocrx_word' id='word_1_3' title='bbox 671 195 713 246; x_wconf 82' lang='grc' dir='ltr'><strong><em>ει.</em></strong></span> <span class='ocrx_word' id='word_1_4' title='bbox 1010 189 1051 258; x_wconf 81' lang='lat'><strong><em>51</em></strong></span> 
     </span>
    </p>
   </div>
   <div class='ocr_carea' id='block_1_2' title="bbox 45 328 1158 3444">
    <p class='ocr_par' dir='ltr' id='par_1_2' title="bbox 45 328 1088 2436">
     <span class='ocr_line' id='line_1_2' title="bbox 78 328 1053 421; baseline -0.001 -20"><span class='ocrx_word' id='word_1_5' title='bbox 78 331 119 402; x_wconf 72' lang='grc' dir='ltr'><strong><em>δέ</em></strong></span> <span class='ocrx_word' id='word_1_6' title='bbox 145 337 303 401; x_wconf 77' lang='grc' dir='ltr'><strong><em>οἰκοῦσιν</em></strong></span> <span class='ocrx_word' id='word_1_7' title='bbox 329 328 550 421; x_wconf 72' lang='grc' dir='ltr'><strong><em>ὑπερύψηλον</em></strong></span> <span class='ocrx_word' id='word_1_8' title='bbox 567 331 625 400; x_wconf 82' lang='grc' dir='ltr'><strong><em>καὶ</em></strong></span> <span class='ocrx_word' id='word_1_9' title='bbox 643 331 750 419; x_wconf 80' lang='grc' dir='ltr'><em>πάντη</em></span> <span class='ocrx_word' id='word_1_10' title='bbox 768 328 952 420; x_wconf 88' lang='grc' dir='ltr'><strong><em>ἀπότομον·</em></strong></span> <span class='ocrx_word' id='word_1_11' title='bbox 995 333 1053 402; x_wconf 78' lang='grc' dir='ltr'><strong><em>καὶ</em></strong></span> 
     </span>
     <span class='ocr_line' id='line_1_3' title="bbox 78 427 1088 522; baseline -0.002 -20"><span class='ocrx_word' id='word_1_12' title='bbox 78 427 101 521; x_wconf 64' lang='lat' dir='ltr'><strong><em>v}</em></strong></span> <span class='ocrx_word' id='word_1_13' title='bbox 120 431 203 513; x_wconf 86' lang='grc' dir='ltr'><strong><em>ὁδὸς</em></strong></span> <span class='ocrx_word' id='word_1_14' title='bbox 221 431 314 522; x_wconf 75' lang='grc' dir='ltr'><strong><em>παρὰ</em></strong></span> <span class='ocrx_word' id='word_1_15' title='bbox 332 431 395 519; x_wconf 90' lang='grc' dir='ltr'><strong><em>τήν</em></strong></span> <span class='ocrx_word' id='word_1_16' title='bbox 413 431 511 501; x_wconf 90' lang='grc' dir='ltr'><strong><em>πόλιν</em></strong></span> <span class='ocrx_word' id='word_1_17' title='bbox 528 432 664 520; x_wconf 89' lang='grc' dir='ltr'><strong><em>χαλεπή.</em></strong></span> <span class='ocrx_word' id='word_1_18' title='bbox 697 431 838 520; x_wconf 74' lang='grc' dir='ltr'><strong><em>καθήκει</em></strong></span> <span class='ocrx_word' id='word_1_19' title='bbox 854 431 920 521; x_wconf 86' lang='grc' dir='ltr'><strong><em>γάρ</em></strong></span> <span class='ocrx_word' id='word_1_20' title='bbox 940 435 976 502; x_wconf 88' lang='grc' dir='ltr'><strong><em>ἐκ</em></strong></span> <span class='ocrx_word' id='word_1_21' title='bbox 992 439 1052 520; x_wconf 84' lang='grc' dir='ltr'><strong><em>τῆς</em></strong></span> <span class='ocrx_word' id='word_1_22' title='bbox 1071 449 1088 500; x_wconf 82' lang='grc' dir='ltr'><strong><em>τ</em></strong></span> 
     </span>
     <span class='ocr_line' id='line_1_4' title="bbox 81 532 1053 624; baseline -0.002 -20"><span class='ocrx_word' id='word_1_23' title='bbox 81 534 214 614; x_wconf 83' lang='grc' dir='ltr'><strong><em>πόλεως</em></strong></span> <span class='ocrx_word' id='word_1_24' title='bbox 247 532 327 624; x_wconf 84' lang='grc' dir='ltr'><strong><em>ὅρος</em></strong></span> <span class='ocrx_word' id='word_1_25' title='bbox 357 538 431 602; x_wconf 88' lang='grc' dir='ltr'><strong><em>ἐστε</em></strong></span> <span class='ocrx_word' id='word_1_26' title='bbox 463 533 518 601; x_wconf 78' lang='grc' dir='ltr'><strong><em>ἐπὶ</em></strong></span> <span class='ocrx_word' id='word_1_27' title='bbox 546 532 607 621; x_wconf 87' lang='grc' dir='ltr'><strong><em>τήν</em></strong></span> <span class='ocrx_word' id='word_1_28' title='bbox 637 532 738 620; x_wconf 84' lang='grc' dir='ltr'><strong><em>ὁδόν,</em></strong></span> <span class='ocrx_word' id='word_1_29' title='bbox 779 533 835 602; x_wconf 82' lang='grc' dir='ltr'><strong><em>καί</em></strong></span> <span class='ocrx_word' id='word_1_30' title='bbox 862 539 961 602; x_wconf 83' lang='grc' dir='ltr'><strong><em>τούτο</em></strong></span> <span class='ocrx_word' id='word_1_31' title='bbox 990 534 1053 621; x_wconf 70' lang='grc' dir='ltr'><strong><em>μὲν</em></strong></span> 
     </span>
     <span class='ocr_line' id='line_1_5' title="bbox 83 627 1052 730; baseline -0.001 -26"><span class='ocrx_word' id='word_1_32' title='bbox 83 633 192 704; x_wconf 78' lang='grc' dir='ltr'><strong><em>αὐτοῦ</em></strong></span> <span class='ocrx_word' id='word_1_33' title='bbox 217 637 256 702; x_wconf 84' lang='grc' dir='ltr'><strong><em>ἐν</em></strong></span> <span class='ocrx_word' id='word_1_34' title='bbox 280 639 323 724; x_wconf 85' lang='grc' dir='ltr'><strong><em>τή</em></strong></span> <span class='ocrx_word' id='word_1_35' title='bbox 341 627 411 730; x_wconf 76' lang='grc' dir='ltr'><strong><em>ὁδῷ</em></strong></span> <span class='ocrx_word' id='word_1_36' title='bbox 429 629 654 704; x_wconf 87' lang='grc' dir='ltr'><strong><em>ἀποπαύεται·</em></strong></span> <span class='ocrx_word' id='word_1_37' title='bbox 704 632 887 724; x_wconf 77' lang='grc' dir='ltr'><strong><em>ἀντίπορον</em></strong></span> <span class='ocrx_word' id='word_1_38' title='bbox 905 633 942 702; x_wconf 77' lang='grc' dir='ltr'><strong><em>δέ</em></strong></span> <span class='ocrx_word' id='word_1_39' title='bbox 960 632 1052 726; x_wconf 75' lang='grc' dir='ltr'><strong><em>αύτῷ</em></strong></span> 
     </span>
     <span class='ocr_line' id='line_1_6' title="bbox 55 733 1053 822; baseline -0.003 -15"><span class='ocrx_word' id='word_1_40' title='bbox 55 735 167 807; x_wconf 84' lang='grc' dir='ltr'><strong><em>εάλλο</em></strong></span> <span class='ocrx_word' id='word_1_41' title='bbox 192 733 273 822; x_wconf 88' lang='grc' dir='ltr'><strong><em>ὅρος</em></strong></span> <span class='ocrx_word' id='word_1_42' title='bbox 299 735 391 804; x_wconf 84' lang='grc' dir='ltr'><strong><em>ἐστίν</em></strong></span> <span class='ocrx_word' id='word_1_43' title='bbox 409 733 455 804; x_wconf 58' lang='grc' dir='ltr'><strong><em>ὀύ</em></strong></span> <span class='ocrx_word' id='word_1_44' title='bbox 480 749 575 822; x_wconf 88' lang='grc' dir='ltr'><strong><em>μεῖον</em></strong></span> <span class='ocrx_word' id='word_1_45' title='bbox 598 733 775 822; x_wconf 81' lang='grc' dir='ltr'><strong><em>ἀπότομον.</em></strong></span> <span class='ocrx_word' id='word_1_46' title='bbox 810 735 866 802; x_wconf 82' lang='grc' dir='ltr'><strong><em>καί</em></strong></span> <span class='ocrx_word' id='word_1_47' title='bbox 890 739 995 804; x_wconf 81' lang='grc' dir='ltr'><strong><em>ταῦτα</em></strong></span> <span class='ocrx_word' id='word_1_48' title='bbox 1012 733 1053 804; x_wconf 87' lang='grc' dir='ltr'><strong><em>τά</em></strong></span> 
     </span>
     <span class='ocr_line' id='line_1_7' title="bbox 82 831 1051 927; baseline -0.001 -21"><span class='ocrx_word' id='word_1_49' title='bbox 82 835 145 925; x_wconf 84' lang='grc' dir='ltr'><strong><em>όρη</em></strong></span> <span class='ocrx_word' id='word_1_50' title='bbox 166 835 281 923; x_wconf 82' lang='grc' dir='ltr'><strong><em>ῶσπερ</em></strong></span> <span class='ocrx_word' id='word_1_51' title='bbox 299 834 409 916; x_wconf 87' lang='grc' dir='ltr'><strong><em>πύλας</em></strong></span> <span class='ocrx_word' id='word_1_52' title='bbox 427 851 516 904; x_wconf 87' lang='grc' dir='ltr'><strong><em>ποιεῖ</em></strong></span> <span class='ocrx_word' id='word_1_53' title='bbox 532 837 587 904; x_wconf 79' lang='grc' dir='ltr'><strong><em>ἐπὶ</em></strong></span> <span class='ocrx_word' id='word_1_54' title='bbox 604 839 645 926; x_wconf 84' lang='grc' dir='ltr'><strong><em>τή</em></strong></span> <span class='ocrx_word' id='word_1_55' title='bbox 665 833 753 927; x_wconf 76' lang='grc' dir='ltr'><strong><em>ὁδῶ,</em></strong></span> <span class='ocrx_word' id='word_1_56' title='bbox 771 837 827 904; x_wconf 82' lang='grc' dir='ltr'><strong><em>καί</em></strong></span> <span class='ocrx_word' id='word_1_57' title='bbox 845 840 935 906; x_wconf 86' lang='grc' dir='ltr'><strong><em>ἐστιν</em></strong></span> <span class='ocrx_word' id='word_1_58' title='bbox 952 831 1051 925; x_wconf 76' lang='grc' dir='ltr'><strong><em>ὀλίγῃ</em></strong></span> 
     </span>
     <span class='ocr_line' id='line_1_8' title="bbox 82 932 1053 1026; baseline 0 -20"><span class='ocrx_word' id='word_1_59' title='bbox 82 941 224 1026; x_wconf 84' lang='grc' dir='ltr'><strong><em>φυλακή</em></strong></span> <span class='ocrx_word' id='word_1_60' title='bbox 239 937 439 1024; x_wconf 75' lang='grc' dir='ltr'><strong><em>κατέχοντας</em></strong></span> <span class='ocrx_word' id='word_1_61' title='bbox 456 935 496 1004; x_wconf 80' lang='grc' dir='ltr'><strong><em>τὰ</em></strong></span> <span class='ocrx_word' id='word_1_62' title='bbox 515 935 577 1024; x_wconf 86' lang='grc' dir='ltr'><strong><em>ὅρη</em></strong></span> <span class='ocrx_word' id='word_1_63' title='bbox 595 942 701 1006; x_wconf 78' lang='grc' dir='ltr'><strong><em>ταῦτα</em></strong></span> <span class='ocrx_word' id='word_1_64' title='bbox 719 932 846 1026; x_wconf 85' lang='grc' dir='ltr'><strong><em>ἀπορον</em></strong></span> <span class='ocrx_word' id='word_1_65' title='bbox 864 951 973 1006; x_wconf 88' lang='grc' dir='ltr'><strong><em>ποιεῖν</em></strong></span> <span class='ocrx_word' id='word_1_66' title='bbox 989 935 1053 1024; x_wconf 86' lang='grc' dir='ltr'><strong><em>τήν</em></strong></span> 
     </span>
     <span class='ocr_line' id='line_1_9' title="bbox 83 1035 1048 1128; baseline 0 -22"><span class='ocrx_word' id='word_1_67' title='bbox 83 1037 246 1128; x_wconf 86' lang='grc' dir='ltr'><strong><em>πάροδον.</em></strong></span> <span class='ocrx_word' id='word_1_68' title='bbox 273 1038 330 1105; x_wconf 84' lang='grc' dir='ltr'><strong><em>καὶ</em></strong></span> <span class='ocrx_word' id='word_1_69' title='bbox 343 1035 416 1106; x_wconf 86' lang='grc' dir='ltr'><strong><em>τότε</em></strong></span> <span class='ocrx_word' id='word_1_70' title='bbox 434 1041 470 1106; x_wconf 78' lang='lat' dir='ltr'><strong><em>oc</em></strong></span> <span class='ocrx_word' id='word_1_71' title='bbox 487 1047 690 1126; x_wconf 78' lang='grc' dir='ltr'><strong><em>Τερμησσεῖς</em></strong></span> <span class='ocrx_word' id='word_1_72' title='bbox 708 1038 876 1126; x_wconf 84' lang='grc' dir='ltr'><strong><em>πανδημεὶ</em></strong></span> <span class='ocrx_word' id='word_1_73' title='bbox 893 1041 1048 1125; x_wconf 80' lang='grc' dir='ltr'><strong><em>ἐκβεβοη-</em></strong></span> 
     </span>
     <span class='ocr_line' id='line_1_10' title="bbox 82 1135 1087 1226; baseline 0.001 -19"><span class='ocrx_word' id='word_1_74' title='bbox 82 1137 226 1226; x_wconf 74' lang='grc' dir='ltr'><strong><em>θηκότες</em></strong></span> <span class='ocrx_word' id='word_1_75' title='bbox 245 1135 417 1226; x_wconf 82' lang='grc' dir='ltr'><strong><em>ἀμφότερα</em></strong></span> <span class='ocrx_word' id='word_1_76' title='bbox 433 1136 474 1206; x_wconf 80' lang='grc' dir='ltr'><strong><em>τὰ</em></strong></span> <span class='ocrx_word' id='word_1_77' title='bbox 492 1136 553 1226; x_wconf 85' lang='grc' dir='ltr'><strong><em>όρή</em></strong></span> <span class='ocrx_word' id='word_1_78' title='bbox 572 1153 735 1226; x_wconf 85' lang='grc' dir='ltr'><strong><em>κατεῖχον.</em></strong></span> <span class='ocrx_word' id='word_1_79' title='bbox 775 1145 880 1208; x_wconf 79' lang='grc' dir='ltr'><strong><em>ταῦτα</em></strong></span> <span class='ocrx_word' id='word_1_80' title='bbox 905 1138 947 1226; x_wconf 90' lang='grc' dir='ltr'><strong><em>δή</em></strong></span> <span class='ocrx_word' id='word_1_81' title='bbox 968 1137 1087 1210; x_wconf 75' lang='grc' dir='ltr'><strong><em>ίδῶντ</em></strong></span> 
     </span>
     <span class='ocr_line' id='line_1_11' title="bbox 45 1235 1052 1328; baseline -0.003 -18"><span class='ocrx_word' id='word_1_82' title='bbox 45 1270 70 1310; x_wconf 84' lang='grc' dir='ltr'><strong><em>ιο</em></strong></span> <span class='ocrx_word' id='word_1_83' title='bbox 80 1235 300 1328; x_wconf 77' lang='grc' dir='ltr'><strong><em>Ἀλέξανδρος</em></strong></span> <span class='ocrx_word' id='word_1_84' title='bbox 336 1237 661 1326; x_wconf 73' lang='grc' dir='ltr'><strong><em>στρατοπεδεύεσθαι</em></strong></span> <span class='ocrx_word' id='word_1_85' title='bbox 695 1237 801 1308; x_wconf 79' lang='grc' dir='ltr'><strong><em>αὐτοῦ</em></strong></span> <span class='ocrx_word' id='word_1_86' title='bbox 838 1239 930 1319; x_wconf 83' lang='grc' dir='ltr'><strong><em>ὅπως</em></strong></span> <span class='ocrx_word' id='word_1_87' title='bbox 962 1238 1052 1326; x_wconf 81' lang='grc' dir='ltr'><strong><em>εἶχον</em></strong></span> 
     </span>
     <span class='ocr_line' id='line_1_12' title="bbox 85 1337 1054 1428; baseline -0.003 -18"><span class='ocrx_word' id='word_1_88' title='bbox 85 1343 218 1410; x_wconf 81' lang='grc' dir='ltr'><strong><em>ἐκέλευε</em></strong></span> <span class='ocrx_word' id='word_1_89' title='bbox 252 1337 333 1418; x_wconf 85' lang='grc' dir='ltr'><strong><em>τούς</em></strong></span> <span class='ocrx_word' id='word_1_90' title='bbox 363 1338 584 1426; x_wconf 78' lang='grc' dir='ltr'><strong><em>Μακεδόνας,</em></strong></span> <span class='ocrx_word' id='word_1_91' title='bbox 621 1337 725 1426; x_wconf 84' lang='grc' dir='ltr'><strong><em>γνούς</em></strong></span> <span class='ocrx_word' id='word_1_92' title='bbox 761 1337 812 1408; x_wconf 82' lang='grc' dir='ltr'><strong><em>ότι</em></strong></span> <span class='ocrx_word' id='word_1_93' title='bbox 841 1337 882 1408; x_wconf 86' lang='grc' dir='ltr'><strong><em>ού</em></strong></span> <span class='ocrx_word' id='word_1_94' title='bbox 914 1345 1054 1428; x_wconf 80' lang='grc' dir='ltr'><strong><em>μενοῦσι</em></strong></span> 
     </span>
     <span class='ocr_line' id='line_1_13' title="bbox 84 1436 1052 1529; baseline -0.002 -19"><span class='ocrx_word' id='word_1_95' title='bbox 84 1440 254 1528; x_wconf 79' lang='grc' dir='ltr'><strong><em>πανδημεὶ</em></strong></span> <span class='ocrx_word' id='word_1_96' title='bbox 272 1443 307 1508; x_wconf 90' lang='grc' dir='ltr'><strong><em>οί</em></strong></span> <span class='ocrx_word' id='word_1_97' title='bbox 328 1449 531 1528; x_wconf 86' lang='grc' dir='ltr'><strong><em>Τερμήσσεῖς</em></strong></span> <span class='ocrx_word' id='word_1_98' title='bbox 550 1436 784 1529; x_wconf 77' lang='grc' dir='ltr'><strong><em>αὐλιζομένους</em></strong></span> <span class='ocrx_word' id='word_1_99' title='bbox 803 1445 891 1529; x_wconf 81' lang='grc' dir='ltr'><strong><em>σφᾶς</em></strong></span> <span class='ocrx_word' id='word_1_100' title='bbox 911 1439 1052 1527; x_wconf 80' lang='grc' dir='ltr'><strong><em>ἰδόντες,</em></strong></span> 
     </span>
     <span class='ocr_line' id='line_1_14' title="bbox 84 1533 1056 1629; baseline -0.001 -18"><span class='ocrx_word' id='word_1_101' title='bbox 84 1539 157 1612; x_wconf 84' lang='grc' dir='ltr'><strong><em>ἀλλ’</em></strong></span> <span class='ocrx_word' id='word_1_102' title='bbox 183 1539 461 1629; x_wconf 80' lang='grc' dir='ltr'><strong><em>ἀποχωρήσουσιν</em></strong></span> <span class='ocrx_word' id='word_1_103' title='bbox 480 1543 513 1621; x_wconf 86' lang='grc' dir='ltr'><strong><em>ἐς</em></strong></span> <span class='ocrx_word' id='word_1_104' title='bbox 530 1539 592 1627; x_wconf 86' lang='grc' dir='ltr'><strong><em>τήν</em></strong></span> <span class='ocrx_word' id='word_1_105' title='bbox 615 1541 715 1611; x_wconf 92' lang='grc' dir='ltr'><strong><em>πόλιν</em></strong></span> <span class='ocrx_word' id='word_1_106' title='bbox 733 1548 875 1628; x_wconf 85' lang='grc' dir='ltr'><strong><em>πλησίον</em></strong></span> <span class='ocrx_word' id='word_1_107' title='bbox 893 1533 1002 1610; x_wconf 86' lang='grc' dir='ltr'><strong><em>ούσαν</em></strong></span> <span class='ocrx_word' id='word_1_108' title='bbox 1019 1543 1056 1610; x_wconf 90' lang='grc' dir='ltr'><strong><em>οί</em></strong></span> 
     </span>
     <span class='ocr_line' id='line_1_15' title="bbox 84 1639 1052 1728; baseline -0.002 -17"><span class='ocrx_word' id='word_1_109' title='bbox 84 1643 206 1712; x_wconf 85' lang='grc' dir='ltr'><strong><em>πολλοὶ</em></strong></span> <span class='ocrx_word' id='word_1_110' title='bbox 224 1639 358 1727; x_wconf 86' lang='grc' dir='ltr'><strong><em>αύτῶν,</em></strong></span> <span class='ocrx_word' id='word_1_111' title='bbox 378 1640 461 1710; x_wconf 83' lang='grc' dir='ltr'><strong><em>ὅσον</em></strong></span> <span class='ocrx_word' id='word_1_112' title='bbox 479 1640 636 1728; x_wconf 85' lang='grc' dir='ltr'><strong><em>φυλακήν</em></strong></span> <span class='ocrx_word' id='word_1_113' title='bbox 654 1641 890 1722; x_wconf 87' lang='grc' dir='ltr'><strong><em>καταλιπόντες</em></strong></span> <span class='ocrx_word' id='word_1_114' title='bbox 910 1643 964 1711; x_wconf 78' lang='grc' dir='ltr'><strong><em>ἐπὶ</em></strong></span> <span class='ocrx_word' id='word_1_115' title='bbox 981 1656 1052 1722; x_wconf 88' lang='grc' dir='ltr'><strong><em>τοῖς</em></strong></span> 
     </span>
     <span class='ocr_line' id='line_1_16' title="bbox 47 1739 1052 1832; baseline -0.003 -19"><span class='ocrx_word' id='word_1_116' title='bbox 47 1771 71 1812; x_wconf 83' lang='grc' dir='ltr'><strong><em>ιι</em></strong></span> <span class='ocrx_word' id='word_1_117' title='bbox 83 1743 185 1832; x_wconf 82' lang='grc' dir='ltr'><strong><em>ὄρεσι.</em></strong></span> <span class='ocrx_word' id='word_1_118' title='bbox 219 1742 276 1810; x_wconf 83' lang='grc' dir='ltr'><strong><em>καὶ</em></strong></span> <span class='ocrx_word' id='word_1_119' title='bbox 294 1742 417 1830; x_wconf 78' lang='grc' dir='ltr'><strong><em>ξυνέβη</em></strong></span> <span class='ocrx_word' id='word_1_120' title='bbox 434 1739 525 1822; x_wconf 82' lang='grc' dir='ltr'><strong><em>ὅπως</em></strong></span> <span class='ocrx_word' id='word_1_121' title='bbox 544 1749 685 1825; x_wconf 78' lang='grc' dir='ltr'><strong><em>εἴκαζεν·</em></strong></span> <span class='ocrx_word' id='word_1_122' title='bbox 719 1747 754 1812; x_wconf 86' lang='grc' dir='ltr'><strong><em>οί</em></strong></span> <span class='ocrx_word' id='word_1_123' title='bbox 768 1743 831 1831; x_wconf 72' lang='grc' dir='ltr'><strong><em>μὲν</em></strong></span> <span class='ocrx_word' id='word_1_124' title='bbox 847 1742 913 1832; x_wconf 79' lang='grc' dir='ltr'><strong><em>γὰρ</em></strong></span> <span class='ocrx_word' id='word_1_125' title='bbox 931 1743 1052 1812; x_wconf 78' lang='grc' dir='ltr'><strong><em>πολλοὶ</em></strong></span> 
     </span>
     <span class='ocr_line' id='line_1_17' title="bbox 83 1839 1086 1931; baseline 0 -18"><span class='ocrx_word' id='word_1_126' title='bbox 83 1839 200 1913; x_wconf 86' lang='grc' dir='ltr'><strong><em>αύτῶν</em></strong></span> <span class='ocrx_word' id='word_1_127' title='bbox 223 1840 397 1929; x_wconf 81' lang='grc' dir='ltr'><strong><em>ἀπῆλθον,</em></strong></span> <span class='ocrx_word' id='word_1_128' title='bbox 422 1847 459 1910; x_wconf 92' lang='grc' dir='ltr'><strong><em>αί</em></strong></span> <span class='ocrx_word' id='word_1_129' title='bbox 481 1843 630 1930; x_wconf 81' lang='grc' dir='ltr'><strong><em>φυλακαί</em></strong></span> <span class='ocrx_word' id='word_1_130' title='bbox 654 1843 692 1911; x_wconf 74' lang='grc' dir='ltr'><strong><em>δέ</em></strong></span> <span class='ocrx_word' id='word_1_131' title='bbox 711 1844 954 1931; x_wconf 81' lang='grc' dir='ltr'><strong><em>ἐγκατέμειναν.</em></strong></span> <span class='ocrx_word' id='word_1_132' title='bbox 994 1843 1086 1914; x_wconf 73' lang='lat' dir='ltr'><strong><em>nalo</em></strong></span> 
     </span>
     <span class='ocr_line' id='line_1_18' title="bbox 85 1940 1052 2030; baseline -0.003 -16"><span class='ocrx_word' id='word_1_133' title='bbox 85 1947 140 2014; x_wconf 78' lang='grc' dir='ltr'><strong><em>ἐπὶ</em></strong></span> <span class='ocrx_word' id='word_1_134' title='bbox 171 1943 314 2023; x_wconf 89' lang='grc' dir='ltr'><strong><em>τούτους</em></strong></span> <span class='ocrx_word' id='word_1_135' title='bbox 338 1941 444 2024; x_wconf 56' lang='lat' dir='ltr'><strong><em>amc</em></strong></span> <span class='ocrx_word' id='word_1_136' title='bbox 469 1940 651 2030; x_wconf 71' lang='grc' dir='ltr'><strong><em>ἀναλαβών</em></strong></span> <span class='ocrx_word' id='word_1_137' title='bbox 673 1941 752 2024; x_wconf 88' lang='grc' dir='ltr'><strong><em>τούς</em></strong></span> <span class='ocrx_word' id='word_1_138' title='bbox 775 1970 811 2013; x_wconf 90' lang='grc' dir='ltr'><strong><em>τε</em></strong></span> <span class='ocrx_word' id='word_1_139' title='bbox 834 1943 971 2025; x_wconf 87' lang='grc' dir='ltr'><strong><em>τοξότας</em></strong></span> <span class='ocrx_word' id='word_1_140' title='bbox 994 1944 1052 2012; x_wconf 83' lang='grc' dir='ltr'><strong><em>καὶ</em></strong></span> 
     </span>
     <span class='ocr_line' id='line_1_19' title="bbox 82 2040 1052 2126; baseline -0.002 -12"><span class='ocrx_word' id='word_1_141' title='bbox 82 2045 143 2126; x_wconf 85' lang='grc' dir='ltr'><strong><em>τάς</em></strong></span> <span class='ocrx_word' id='word_1_142' title='bbox 173 2049 242 2113; x_wconf 87' lang='grc' dir='ltr'><strong><em>τῶν</em></strong></span> <span class='ocrx_word' id='word_1_143' title='bbox 270 2040 475 2112; x_wconf 75' lang='grc' dir='ltr'><strong><em>ἀκοντιστῶν</em></strong></span> <span class='ocrx_word' id='word_1_144' title='bbox 504 2043 610 2126; x_wconf 86' lang='grc' dir='ltr'><strong><em>τάξεις</em></strong></span> <span class='ocrx_word' id='word_1_145' title='bbox 639 2043 696 2112; x_wconf 82' lang='grc' dir='ltr'><strong><em>καί</em></strong></span> <span class='ocrx_word' id='word_1_146' title='bbox 719 2049 788 2112; x_wconf 89' lang='grc' dir='ltr'><strong><em>τῶν</em></strong></span> <span class='ocrx_word' id='word_1_147' title='bbox 812 2040 960 2114; x_wconf 87' lang='grc' dir='ltr'><strong><em>ὁπλιτῶν</em></strong></span> <span class='ocrx_word' id='word_1_148' title='bbox 980 2043 1052 2114; x_wconf 84' lang='grc' dir='ltr'><strong><em>ὅσοι</em></strong></span> 
     </span>
     <span class='ocr_line' id='line_1_20' title="bbox 84 2139 1051 2233; baseline 0.001 -19"><span class='ocrx_word' id='word_1_149' title='bbox 84 2141 288 2233; x_wconf 89' lang='grc' dir='ltr'><strong><em>κουφότεροι</em></strong></span> <span class='ocrx_word' id='word_1_150' title='bbox 302 2143 480 2233; x_wconf 83' lang='grc' dir='ltr'><strong><em>ἐπήγαγεν.</em></strong></span> <span class='ocrx_word' id='word_1_151' title='bbox 508 2150 542 2213; x_wconf 90' lang='grc' dir='ltr'><strong><em>οί</em></strong></span> <span class='ocrx_word' id='word_1_152' title='bbox 555 2144 593 2214; x_wconf 80' lang='grc' dir='ltr'><strong><em>δέ</em></strong></span> <span class='ocrx_word' id='word_1_153' title='bbox 606 2139 670 2214; x_wconf 86' lang='grc' dir='ltr'><strong><em>ούκ</em></strong></span> <span class='ocrx_word' id='word_1_154' title='bbox 688 2150 822 2233; x_wconf 77' lang='grc' dir='ltr'><strong><em>ἔμειναν</em></strong></span> <span class='ocrx_word' id='word_1_155' title='bbox 839 2143 1051 2233; x_wconf 84' lang='grc' dir='ltr'><strong><em>βαλλόμενοι,</em></strong></span> 
     </span>
     <span class='ocr_line' id='line_1_21' title="bbox 48 2243 1052 2336; baseline 0.001 -22"><span class='ocrx_word' id='word_1_156' title='bbox 48 2275 72 2314; x_wconf 79' lang='grc' dir='ltr'><strong><em>ιο</em></strong></span> <span class='ocrx_word' id='word_1_157' title='bbox 85 2245 170 2315; x_wconf 85' lang='grc' dir='ltr'><strong><em>ἀλλά</em></strong></span> <span class='ocrx_word' id='word_1_158' title='bbox 191 2249 307 2316; x_wconf 79' lang='grc' dir='ltr'><strong><em>ἔλιπον</em></strong></span> <span class='ocrx_word' id='word_1_159' title='bbox 323 2244 360 2314; x_wconf 87' lang='grc' dir='ltr'><strong><em>τό</em></strong></span> <span class='ocrx_word' id='word_1_160' title='bbox 377 2251 517 2334; x_wconf 82' lang='grc' dir='ltr'><strong><em>χωρίον·</em></strong></span> <span class='ocrx_word' id='word_1_161' title='bbox 545 2245 601 2313; x_wconf 81' lang='grc' dir='ltr'><strong><em>καὶ</em></strong></span> <span class='ocrx_word' id='word_1_162' title='bbox 615 2243 832 2333; x_wconf 73' lang='grc' dir='ltr'><strong><em>Ἀλόξανδρος</em></strong></span> <span class='ocrx_word' id='word_1_163' title='bbox 848 2244 1052 2336; x_wconf 78' lang='grc' dir='ltr'><strong><em>ύπερβαλῶν</em></strong></span> 
     </span>
     <span class='ocr_line' id='line_1_22' title="bbox 84 2344 891 2436; baseline 0 -20"><span class='ocrx_word' id='word_1_164' title='bbox 84 2347 124 2416; x_wconf 89' lang='grc' dir='ltr'><strong><em>τά</em></strong></span> <span class='ocrx_word' id='word_1_165' title='bbox 144 2346 246 2416; x_wconf 79' lang='grc' dir='ltr'><strong><em>στεναὶ</em></strong></span> <span class='ocrx_word' id='word_1_166' title='bbox 263 2344 348 2436; x_wconf 85' lang='grc' dir='ltr'><strong><em>πρός</em></strong></span> <span class='ocrx_word' id='word_1_167' title='bbox 365 2351 407 2433; x_wconf 84' lang='grc' dir='ltr'><strong><em>τή</em></strong></span> <span class='ocrx_word' id='word_1_168' title='bbox 425 2344 521 2414; x_wconf 85' lang='grc' dir='ltr'><strong><em>πόλει</em></strong></span> <span class='ocrx_word' id='word_1_169' title='bbox 537 2347 891 2436; x_wconf 81' lang='grc' dir='ltr'><strong><em>κατεστρατοπέδευσε.</em></strong></span> 
     </span>
    </p>

    <p class='ocr_par' dir='ltr' id='par_1_3' title="bbox 85 2443 1099 2738">
     <span class='ocr_line' id='line_1_23' title="bbox 167 2443 1099 2535; baseline -0.002 -17"><span class='ocrx_word' id='word_1_170' title='bbox 167 2448 231 2518; x_wconf 84' lang='grc' dir='ltr'><strong><em>Καὶ</em></strong></span> <span class='ocrx_word' id='word_1_171' title='bbox 255 2449 404 2516; x_wconf 73' lang='grc' dir='ltr'><strong><em>ἐνταῦθα</em></strong></span> <span class='ocrx_word' id='word_1_172' title='bbox 428 2444 650 2534; x_wconf 80' lang='grc' dir='ltr'><strong><em>ἀφικνοῦνται</em></strong></span> <span class='ocrx_word' id='word_1_173' title='bbox 666 2443 746 2535; x_wconf 89' lang='grc' dir='ltr'><strong><em>παρ’</em></strong></span> <span class='ocrx_word' id='word_1_174' title='bbox 767 2444 873 2516; x_wconf 87' lang='grc' dir='ltr'><strong><em>αύτόν</em></strong></span> <span class='ocrx_word' id='word_1_175' title='bbox 891 2447 1049 2534; x_wconf 80' lang='grc' dir='ltr'><strong><em>Σελγέων</em></strong></span> <span class='ocrx_word' id='word_1_176' title='bbox 1058 2453 1099 2516; x_wconf 76' lang='grc'><strong><em>28</em></strong></span> 
     </span>
     <span class='ocr_line' id='line_1_24' title="bbox 86 2545 1051 2639; baseline 0.001 -22"><span class='ocrx_word' id='word_1_177' title='bbox 86 2550 251 2637; x_wconf 80' lang='grc' dir='ltr'><strong><em>πρέσβεις.</em></strong></span> <span class='ocrx_word' id='word_1_178' title='bbox 282 2552 317 2616; x_wconf 92' lang='grc' dir='ltr'><strong><em>οί</em></strong></span> <span class='ocrx_word' id='word_1_179' title='bbox 332 2548 374 2616; x_wconf 80' lang='grc' dir='ltr'><strong><em>δέ</em></strong></span> <span class='ocrx_word' id='word_1_180' title='bbox 386 2551 453 2617; x_wconf 85' lang='grc' dir='ltr'><strong><em>είσι</em></strong></span> <span class='ocrx_word' id='word_1_181' title='bbox 470 2547 527 2615; x_wconf 81' lang='grc' dir='ltr'><strong><em>καί</em></strong></span> <span class='ocrx_word' id='word_1_182' title='bbox 545 2545 642 2616; x_wconf 84' lang='grc' dir='ltr'><strong><em>αύτοὶ</em></strong></span> <span class='ocrx_word' id='word_1_183' title='bbox 659 2553 797 2618; x_wconf 91' lang='grc' dir='ltr'><strong><em>Πισίδαι</em></strong></span> <span class='ocrx_word' id='word_1_184' title='bbox 814 2546 978 2639; x_wconf 81' lang='grc' dir='ltr'><strong><em>βάρβαροι</em></strong></span> <span class='ocrx_word' id='word_1_185' title='bbox 994 2549 1051 2618; x_wconf 89' lang='grc' dir='ltr'><strong><em>καὶ</em></strong></span> 
     </span>
     <span class='ocr_line' id='line_1_25' title="bbox 85 2645 1051 2738; baseline 0 -20"><span class='ocrx_word' id='word_1_186' title='bbox 85 2650 185 2718; x_wconf 89' lang='grc' dir='ltr'><strong><em>πόλιν</em></strong></span> <span class='ocrx_word' id='word_1_187' title='bbox 203 2647 352 2736; x_wconf 86' lang='grc' dir='ltr'><strong><em>μεγάλήν</em></strong></span> <span class='ocrx_word' id='word_1_188' title='bbox 370 2652 503 2716; x_wconf 83' lang='grc' dir='ltr'><strong><em>οίκούσι</em></strong></span> <span class='ocrx_word' id='word_1_189' title='bbox 519 2649 575 2716; x_wconf 82' lang='grc' dir='ltr'><strong><em>καί</em></strong></span> <span class='ocrx_word' id='word_1_190' title='bbox 593 2645 690 2719; x_wconf 79' lang='grc' dir='ltr'><strong><em>αύτοί</em></strong></span> <span class='ocrx_word' id='word_1_191' title='bbox 707 2648 846 2738; x_wconf 90' lang='grc' dir='ltr'><strong><em>μάχιμοί</em></strong></span> <span class='ocrx_word' id='word_1_192' title='bbox 860 2654 960 2718; x_wconf 81' lang='grc' dir='ltr'><strong><em>εἰσιν·</em></strong></span> <span class='ocrx_word' id='word_1_193' title='bbox 1001 2649 1051 2719; x_wconf 83' lang='grc' dir='ltr'><strong><em>ὅτι</em></strong></span> 
     </span>
    </p>

    <p class='ocr_par' dir='ltr' id='par_1_4' title="bbox 50 2746 1158 3246">
     <span class='ocr_line' id='line_1_26' title="bbox 50 2746 1050 2838; baseline 0.001 -21"><span class='ocrx_word' id='word_1_194' title='bbox 50 2777 73 2817; x_wconf 81' lang='grc' dir='ltr'><strong><em>ιε</em></strong></span> <span class='ocrx_word' id='word_1_195' title='bbox 86 2750 124 2819; x_wconf 73' lang='grc' dir='ltr'><strong><em>δὲ</em></strong></span> <span class='ocrx_word' id='word_1_196' title='bbox 142 2749 294 2838; x_wconf 79' lang='grc' dir='ltr'><strong><em>πολέμιοι</em></strong></span> <span class='ocrx_word' id='word_1_197' title='bbox 320 2763 389 2828; x_wconf 87' lang='grc' dir='ltr'><strong><em>τοῖς</em></strong></span> <span class='ocrx_word' id='word_1_198' title='bbox 413 2754 662 2838; x_wconf 83' lang='grc' dir='ltr'><strong><em>Τερμησσεῦσιν</em></strong></span> <span class='ocrx_word' id='word_1_199' title='bbox 689 2751 725 2817; x_wconf 79' lang='grc' dir='ltr'><strong><em>ἐκ</em></strong></span> <span class='ocrx_word' id='word_1_200' title='bbox 742 2754 888 2818; x_wconf 81' lang='grc' dir='ltr'><strong><em>παλαιοῦ</em></strong></span> <span class='ocrx_word' id='word_1_201' title='bbox 907 2746 1050 2837; x_wconf 84' lang='grc' dir='ltr'><strong><em>ἐτύγχα-</em></strong></span> 
     </span>
     <span class='ocr_line' id='line_1_27' title="bbox 86 2847 1051 2938; baseline -0.001 -18"><span class='ocrx_word' id='word_1_202' title='bbox 86 2879 166 2938; x_wconf 89' lang='grc' dir='ltr'><strong><em>νον,</em></strong></span> <span class='ocrx_word' id='word_1_203' title='bbox 191 2847 279 2935; x_wconf 78' lang='grc' dir='ltr'><strong><em>όπὲρ</em></strong></span> <span class='ocrx_word' id='word_1_204' title='bbox 297 2857 410 2937; x_wconf 86' lang='grc' dir='ltr'><strong><em>φιλίας</em></strong></span> <span class='ocrx_word' id='word_1_205' title='bbox 429 2847 512 2938; x_wconf 84' lang='grc' dir='ltr'><strong><em>πρός</em></strong></span> <span class='ocrx_word' id='word_1_206' title='bbox 527 2847 746 2937; x_wconf 62' lang='grc' dir='ltr'><strong><em>Ἀλέξανδρον</em></strong></span> <span class='ocrx_word' id='word_1_207' title='bbox 763 2851 1051 2937; x_wconf 79' lang='grc' dir='ltr'><strong><em>πεπρεσβευμένοι</em></strong></span> 
     </span>
     <span class='ocr_line' id='line_1_28' title="bbox 86 2945 1050 3039; baseline -0.001 -18"><span class='ocrx_word' id='word_1_208' title='bbox 86 2945 185 3039; x_wconf 87' lang='grc' dir='ltr'><strong><em>ήσαν.</em></strong></span> <span class='ocrx_word' id='word_1_209' title='bbox 219 2951 277 3018; x_wconf 84' lang='grc' dir='ltr'><strong><em>καὶ</em></strong></span> <span class='ocrx_word' id='word_1_210' title='bbox 294 2949 379 3039; x_wconf 85' lang='grc' dir='ltr'><strong><em>πρός</em></strong></span> <span class='ocrx_word' id='word_1_211' title='bbox 396 2949 537 3029; x_wconf 84' lang='grc' dir='ltr'><strong><em>τούτους</em></strong></span> <span class='ocrx_word' id='word_1_212' title='bbox 555 2951 732 3018; x_wconf 81' lang='grc' dir='ltr'><strong><em>σπένδεται</em></strong></span> <span class='ocrx_word' id='word_1_213' title='bbox 746 2945 975 3039; x_wconf 75' lang='grc' dir='ltr'><strong><em>Ἀλέξανδρος,</em></strong></span> <span class='ocrx_word' id='word_1_214' title='bbox 993 2952 1050 3020; x_wconf 78' lang='grc' dir='ltr'><strong><em>καὶ</em></strong></span> 
     </span>
     <span class='ocr_line' id='line_1_29' title="bbox 88 3048 1084 3140; baseline -0.001 -19"><span class='ocrx_word' id='word_1_215' title='bbox 88 3056 123 3121; x_wconf 90' lang='grc' dir='ltr'><strong><em>ἐκ</em></strong></span> <span class='ocrx_word' id='word_1_216' title='bbox 140 3050 263 3121; x_wconf 89' lang='grc' dir='ltr'><strong><em>τούτου</em></strong></span> <span class='ocrx_word' id='word_1_217' title='bbox 282 3065 411 3131; x_wconf 83' lang='grc' dir='ltr'><strong><em>πιστοῖς</em></strong></span> <span class='ocrx_word' id='word_1_218' title='bbox 426 3053 459 3131; x_wconf 89' lang='grc' dir='ltr'><strong><em>ἐς</em></strong></span> <span class='ocrx_word' id='word_1_219' title='bbox 472 3050 604 3120; x_wconf 78' lang='grc' dir='ltr'><strong><em>ἅπαντα</em></strong></span> <span class='ocrx_word' id='word_1_220' title='bbox 618 3049 787 3140; x_wconf 89' lang='grc' dir='ltr'><strong><em>ἐχρήσατο.</em></strong></span> <span class='ocrx_word' id='word_1_221' title='bbox 815 3048 878 3137; x_wconf 87' lang='grc' dir='ltr'><strong><em>τήν</em></strong></span> <span class='ocrx_word' id='word_1_222' title='bbox 896 3059 1048 3139; x_wconf 86' lang='grc' dir='ltr'><strong><em>Τερμησ-</em></strong></span> <span class='ocrx_word' id='word_1_223' title='bbox 1067 3069 1084 3120; x_wconf 75' lang='lat'>2</span> 
     </span>
     <span class='ocr_line' id='line_1_30' title="bbox 88 3149 1158 3246; baseline 0 -24"><span class='ocrx_word' id='word_1_224' title='bbox 88 3153 149 3222; x_wconf 86' lang='grc' dir='ltr'><strong><em>σόν</em></strong></span> <span class='ocrx_word' id='word_1_225' title='bbox 173 3151 211 3221; x_wconf 76' lang='grc' dir='ltr'><strong><em>δὲ·</em></strong></span> <span class='ocrx_word' id='word_1_226' title='bbox 236 3149 373 3237; x_wconf 78' lang='grc' dir='ltr'><strong><em>ἀπέγνω</em></strong></span> <span class='ocrx_word' id='word_1_227' title='bbox 399 3153 487 3220; x_wconf 88' lang='grc' dir='ltr'><strong><em>ἑλεῖν</em></strong></span> <span class='ocrx_word' id='word_1_228' title='bbox 505 3149 548 3221; x_wconf 86' lang='grc' dir='ltr'><strong><em>ἀν</em></strong></span> <span class='ocrx_word' id='word_1_229' title='bbox 566 3154 603 3221; x_wconf 84' lang='grc' dir='ltr'><strong><em>ἐν</em></strong></span> <span class='ocrx_word' id='word_1_230' title='bbox 621 3149 726 3245; x_wconf 79' lang='grc' dir='ltr'><strong><em>ὀλίγῳ</em></strong></span> <span class='ocrx_word' id='word_1_231' title='bbox 745 3150 877 3246; x_wconf 75' lang='grc' dir='ltr'><strong><em>χρόνῳ,</em></strong></span> <span class='ocrx_word' id='word_1_232' title='bbox 905 3149 975 3222; x_wconf 89' lang='grc' dir='ltr'><strong><em>ἀλλ’</em></strong></span> <span class='ocrx_word' id='word_1_233' title='bbox 995 3155 1050 3222; x_wconf 81' lang='grc' dir='ltr'><strong><em>ἐπὶ</em></strong></span> <span class='ocrx_word' id='word_1_234' title='bbox 1156 3226 1158 3230; x_wconf 67' lang='grc'><strong><em>,</em></strong></span> 
     </span>
    </p>

    <p class='ocr_par' dir='ltr' id='par_1_5' title="bbox 52 3245 1050 3444">
     <span class='ocr_line' id='line_1_31' title="bbox 52 3245 1048 3344; baseline 0.004 -24"><span class='ocrx_word' id='word_1_235' title='bbox 52 3282 77 3322; x_wconf 82' lang='grc' dir='ltr'><strong><em>ιο</em></strong></span> <span class='ocrx_word' id='word_1_236' title='bbox 89 3258 317 3341; x_wconf 78' lang='grc' dir='ltr'><strong><em>Σαγαλασσοῦ</em></strong></span> <span class='ocrx_word' id='word_1_237' title='bbox 342 3254 520 3321; x_wconf 83' lang='grc' dir='ltr'><strong><em>ἐστέλλετο.</em></strong></span> <span class='ocrx_word' id='word_1_238' title='bbox 559 3245 603 3339; x_wconf 88' lang='grc' dir='ltr'><strong><em>ήν</em></strong></span> <span class='ocrx_word' id='word_1_239' title='bbox 629 3252 666 3322; x_wconf 73' lang='grc' dir='ltr'><strong><em>δὲ</em></strong></span> <span class='ocrx_word' id='word_1_240' title='bbox 691 3254 749 3322; x_wconf 81' lang='grc' dir='ltr'><strong><em>καὶ</em></strong></span> <span class='ocrx_word' id='word_1_241' title='bbox 772 3252 859 3342; x_wconf 81' lang='grc' dir='ltr'><strong><em>αὕτη</em></strong></span> <span class='ocrx_word' id='word_1_242' title='bbox 883 3250 924 3324; x_wconf 88' lang='grc' dir='ltr'><strong><em>ού</em></strong></span> <span class='ocrx_word' id='word_1_243' title='bbox 948 3254 1048 3344; x_wconf 87' lang='grc' dir='ltr'><strong><em>μικρά</em></strong></span> 
     </span>
     <span class='ocr_line' id='line_1_32' title="bbox 89 3349 1050 3444; baseline -0.001 -20"><span class='ocrx_word' id='word_1_244' title='bbox 89 3355 196 3436; x_wconf 85' lang='grc' dir='ltr'><strong><em>πόλις·</em></strong></span> <span class='ocrx_word' id='word_1_245' title='bbox 246 3359 385 3424; x_wconf 84' lang='grc' dir='ltr'><strong><em>Πισίδαι</em></strong></span> <span class='ocrx_word' id='word_1_246' title='bbox 413 3353 471 3421; x_wconf 79' lang='grc' dir='ltr'><strong><em>καὶ</em></strong></span> <span class='ocrx_word' id='word_1_247' title='bbox 498 3352 623 3439; x_wconf 87' lang='grc' dir='ltr'><strong><em>ταύτην</em></strong></span> <span class='ocrx_word' id='word_1_248' title='bbox 654 3352 784 3444; x_wconf 75' lang='grc' dir='ltr'><strong><em>ῶκονν,</em></strong></span> <span class='ocrx_word' id='word_1_249' title='bbox 820 3356 877 3423; x_wconf 79' lang='grc' dir='ltr'><strong><em>καὶ</em></strong></span> <span class='ocrx_word' id='word_1_250' title='bbox 908 3349 1050 3424; x_wconf 78' lang='grc' dir='ltr'><strong><em>ἐδόκουν</em></strong></span> 
     </span>
    </p>
   </div>
   <div class='ocr_carea' id='block_1_3' title="bbox 88 3450 1049 3616">
    <p class='ocr_par' dir='ltr' id='par_1_6' title="bbox 88 3450 1049 3616">
     <span class='ocr_line' id='line_1_33' title="bbox 88 3450 1049 3542; baseline -0.007 -15"><span class='ocrx_word' id='word_1_251' title='bbox 88 3457 223 3527; x_wconf 79' lang='grc' dir='ltr'><strong><em>πάντων</em></strong></span> <span class='ocrx_word' id='word_1_252' title='bbox 237 3459 389 3526; x_wconf 78' lang='grc' dir='ltr'><strong><em>Πισιδῶν</em></strong></span> <span class='ocrx_word' id='word_1_253' title='bbox 406 3461 559 3542; x_wconf 82' lang='grc' dir='ltr'><strong><em>μαχίμων</em></strong></span> <span class='ocrx_word' id='word_1_254' title='bbox 572 3452 681 3523; x_wconf 83' lang='grc' dir='ltr'><strong><em>όντων</em></strong></span> <span class='ocrx_word' id='word_1_255' title='bbox 695 3450 792 3524; x_wconf 84' lang='grc' dir='ltr'><strong><em>αύτοὶ</em></strong></span> <span class='ocrx_word' id='word_1_256' title='bbox 807 3453 893 3525; x_wconf 77' lang='grc' dir='ltr'><strong><em>εἶναι</em></strong></span> <span class='ocrx_word' id='word_1_257' title='bbox 907 3459 943 3524; x_wconf 92' lang='grc' dir='ltr'><strong><em>οί</em></strong></span> <span class='ocrx_word' id='word_1_258' title='bbox 952 3482 1049 3542; x_wconf 75' lang='grc' dir='ltr'><strong><em>μαχι·</em></strong></span> 
     </span>
     <span class='ocr_line' id='line_1_34' title="bbox 861 3570 897 3616; baseline 0 -16"><span class='ocrx_word' id='word_1_259' title='bbox 861 3570 897 3616; x_wconf 60' lang='grc'><strong><em>41</em></strong></span> 
     </span>
    </p>
   </div>
   <div class='ocr_carea' id='block_1_4' title="bbox 0 0 1303 3920">
    <p class='ocr_par' dir='ltr' id='par_1_7' title="bbox 0 0 1303 3920">
     <span class='ocr_line' id='line_1_35' title="bbox 0 0 1303 3920; baseline 0 0"><span class='ocrx_word' id='word_1_260' title='bbox 0 0 1303 3920; x_wconf 95' lang='lat' dir='ltr'><strong><em> </em></strong></span> 
     </span>
    </p>
   </div>
  </div>
 </body>
</html>
