2620 3924
448 169 632 224 εαιειειε
649 175 680 236 ε,
701 174 741 224 ιι.
1011 173 1071 236 117
1127 205 1131 214 .

104 320 220 381 λευσε·
239 311 297 380 καὶ
317 313 531 398 ἐγκλίνουσιν
549 317 585 382 ολ
598 311 772 401 βάρβαροι.
804 314 963 402 Βάκτριοι
981 312 1019 382 δὲ
1037 319 1074 383 οί
1089 329 1107 378 4

105 412 201 482 άλλοι
224 412 429 491 πελάσαντες
451 428 523 492 τοῖς
542 421 671 486 Παίοσί
686 439 722 482 τε
739 416 796 482 καὶ
815 414 921 494 ξένοις
939 414 1019 494 τούς
1037 441 1073 485 τε

106 516 205 600 σφῶν
224 514 417 600 φεύγοντας
435 512 499 601 ήδη
518 513 729 604 άνέστρευαυ
756 518 789 594 ές
806 515 869 603 τήν
886 515 997 603 μάχην
1014 517 1072 584 καὶ

105 615 167 702 τήν
199 620 408 702 ἱππομαχίαν
438 616 599 702 ξυστῆναι
631 620 803 703 ἐποίησαν.
843 619 900 685 καὶ
934 623 1073 685 ἔπιπτον

79 716 169 804 εμλν
194 723 348 796 πλείονες
372 718 443 784 τῶν
464 715 711 804 Ἀλεξάνδρου,
735 720 782 808 τῷ
805 745 842 786 τε
860 719 981 805 πλήθει
1003 721 1073 785 τῶν

106 817 290 906 βαρβάρων
319 817 505 905 βιαζόμενοι
536 820 594 886 καὶ
618 815 667 886 ὅτι
692 816 796 887 αύτοί
817 845 853 888 τε
876 825 913 888 οί
936 819 1074 888 Σκύθαι

107 921 164 986 καλ
188 923 225 986 ολ
248 923 345 986 ἵπποι
368 917 487 997 αύτοίς
512 917 747 1008 ἀκριβέστερον
777 923 809 1000 ἐς
828 917 987 1008 φυλακήν
1011 945 1072 988 πε-

108 1020 296 1106 φραγμένοι
321 1010 417 1106 ήσαν.
460 1017 547 1088 ἄλλά
569 1022 630 1103 Ικαλ
658 1017 703 1100 ὣς
728 1020 790 1100 τάς
815 1047 851 1090 τε
882 1021 1073 1110 προσβολάς

108 1119 224 1189 αὐτῶν
256 1122 411 1207 ἐδέχοντο
442 1126 479 1189 οί
500 1122 699 1201 Μακεδόνες
726 1124 783 1190 καὶ
806 1129 867 1212 βίᾳ
894 1122 969 1191 κατ’
998 1130 1072 1202 ἴλας

70 1254 94 1294 ιο
108 1229 376 1311 προσπίπτοντες
389 1221 548 1302 Ιἐξιόθουν
567 1225 604 1291 ἐκ
620 1225 679 1310 τής
696 1223 830 1301 τάξεως,

184 1323 254 1392 Καὶ
274 1323 438 1414 ἐντούτῳ
456 1321 497 1390 τά
516 1321 647 1412 ἅρματα
664 1324 705 1391 τά
724 1323 967 1412 δρεπανηφόρα
987 1326 1105 1411 ἐφέρ-δ

108 1451 171 1492 καν
189 1429 226 1492 οί
240 1423 405 1514 βάρβαροι
418 1423 497 1493 κατ’
523 1423 630 1494 αύτόν
650 1423 891 1514 Ἀλέξανδρον,
920 1425 967 1505 ὥς
985 1423 1071 1492 άνα-

106 1525 307 1613 ταράξαντες
331 1525 424 1616 αὐτῷ
442 1525 504 1612 τήν
522 1527 691 1612 φάλαγγα.
728 1527 785 1594 καλ
802 1527 911 1614 ταύτῃ
930 1527 1072 1613 μάλιστα

109 1626 343 1714 ἐψεύσθησαν·
362 1626 423 1710 ,τά
453 1625 517 1713 μὲν
543 1627 608 1714 γάρ
635 1625 744 1705 εύθύς
771 1625 817 1706 τός
847 1627 1072 1714 προσεφέρετο
1129 1702 1134 1712 ,

71 1759 95 1799 15
108 1727 353 1814 κατηκόντισαν
376 1731 412 1796 οί
433 1754 468 1796 τε
488 1725 659 1816 Ἀγριᾶνες
683 1730 741 1796 καλ
766 1733 803 1796 ολ
825 1728 888 1808 ξύν
905 1728 1073 1819 Βαλάκρῳ

108 1827 302 1897 ἀκοντισταί
317 1834 354 1897 οί
360 1830 620 1917 προτεταγμένοι
631 1831 690 1916 τής
705 1833 813 1898 ἵππου
827 1833 896 1896 τῶν
912 1831 1071 1915 ἑταίρων·

107 1929 150 1998 τά
169 1929 208 1998 δὲ
225 1932 295 1998 τῶν
313 1931 468 2018 ῥυτήρων
487 1928 810 2018 ἀντιλαμβανόμενοι
826 1929 907 2009 τούς
932 1955 968 1998 τε
985 1927 1072 1998 άνα-

107 2030 213 2118 βάτας
226 2039 402 2099 κατέσπων
411 2033 468 2099 καὶ
482 2031 564 2110 τούς
574 2035 701 2110 ἵππους
715 2031 962 2120 περιϊστάμενοι
972 2036 1073 2100 ἔκοπ-

106 2158 177 2199 τον.
204 2138 273 2200 ἔστι
286 2131 325 2200 δὲ
339 2128 360 2199 ἃ
373 2134 430 2201 καὶ
444 2134 609 2213 διεξέπεσε
627 2134 681 2200 διὰ
695 2135 764 2200 τῶν
777 2132 919 2212 τάξεων·
939 2134 1073 2218 διέσχον
1090 2141 1106 2190 6

69 2261 95 2300 ιο
109 2233 195 2320 γάρ,
213 2229 325 2321 ὥσπερ
343 2233 554 2321 παρήγγελτο
572 2231 709 2320 αὐτοῖς,
734 2237 792 2302 ἵνα
810 2236 1014 2321 προσέπιπτε
1031 2232 1072 2301 τά

107 2331 258 2420 ἅρματα·
277 2335 334 2401 καὶ
347 2334 455 2423 ταύτη
469 2334 613 2422 μάλιστα
626 2335 749 2422 ξυνέβη
768 2332 855 2403 αύτά
872 2361 908 2403 τε
926 2338 997 2402 σόα
1015 2334 1073 2401 καὶ

108 2429 164 2513 οἷς
181 2434 337 2521 ἐπηλάθη
355 2432 513 2523 άβλαβῶς
532 2440 697 2504 διελθεῖν·
717 2433 802 2503 άλλά
820 2435 1023 2504 καὶτούτων
1040 2437 1076 2502 οί

107 2561 144 2602 τε
160 2535 342 2622 ἱπποκόμοι
354 2539 413 2622 τῆς
427 2534 649 2624 Ἀλεξάνδρου
664 2539 820 2624 στρατιᾶς
836 2537 893 2604 καλ
908 2541 944 2605 οί
958 2533 1073 2604 ύπασ·

108 2637 224 2704 πισταὶ
242 2640 280 2704 οί
293 2638 460 2722 βασιλικοὶ
479 2637 676 2725 ἐκράτησαν.

67 2763 95 2804 ιε
182 2735 240 2816 Ὡς
257 2735 296 2805 δὲ
311 2747 458 2825 Δαρεῖος
477 2740 598 2824 έπήγεν
612 2736 676 2826 ἤδη
693 2737 756 2824 τὴν
769 2736 929 2823 φάλαγγα
946 2739 1072 2824 πᾶσαν,
1083 2742 1120 2809 14

110 2839 262 2907 ἐνταῦθα
276 2836 495 2927 Ἀλέξανδρος
515 2837 653 2926 Ἀρέτην
677 2837 740 2926 μὲν
762 2837 891 2906 κελεύει
916 2840 1073 2924 ἐμβαλεῖν
1125 2860 1128 2868 ·

107 2953 181 3017 τοῖς
204 2940 465 3029 περιϊππεύουσι
485 2939 523 3007 τό
548 2941 649 3028 κέρας
672 2941 772 3026 σφῶν
789 2937 827 3006 τό
846 2937 955 3018 δεξιόν
974 2935 1019 3016 ύς
1039 2939 1074 3016 ἐς

108 3039 295 3109 κύκλωσιν·
335 3039 441 3120 αύτός
459 3040 498 3109 δὲ
514 3041 597 3120 τέως
614 3039 678 3127 μὲν
697 3041 754 3109 ἐπὶ
772 3040 878 3127 κέρως
895 3036 976 3117 τούς
990 3035 1071 3126 ἀμφ’
1097 3127 1102 3135 1

108 3139 217 3210 αύτόν
230 3131 306 3226 ήγε·
325 3143 394 3210 τῶν
408 3141 447 3210 δὲ
461 3142 743 3229 ἐκβοηθησάντων
758 3142 889 3210 ίππέων
901 3154 973 3219 τοῖς
986 3165 1071 3208 κυκ-
1089 3149 1107 3200 ²
1136 3137 1139 3143 ’

69 3243 286 3328 τελουμένοις
300 3242 338 3310 τό
357 3245 458 3331 κέρας
475 3242 513 3310 τό
533 3241 644 3322 δεξιὸν
660 3241 948 3332 παραρρηξάντων
965 3265 996 3308 τι
1013 3244 1073 3326 τής

109 3342 245 3430 πραότης
270 3343 446 3430 φάλαγγος
464 3343 734 3432 τῶνβαρβάρων
762 3343 963 3430 ἐπιστρέψας
987 3340 1072 3408 κατά

107 3441 146 3512 τό
165 3445 280 3530 διέχον
296 3445 354 3514 καλ
373 3442 485 3533 ὥσπερ
505 3449 649 3534 ἔμβολον
667 3444 806 3532 ποιήσας
828 3445 887 3530 τής
911 3467 947 3511 τε
964 3446 1072 3512 ίππου
